2834 4920
296 522 339 581 m
626 535 777 578 *ansuini
796 535 915 577 Luxov.

296 653 401 717 lorum
421 672 589 730 consensu,
606 652 721 734 quidve
743 673 838 734 super
852 652 913 715 hoc
933 650 1162 734 irrefragabilis
1185 675 1254 716 om·

296 757 387 819 nium
402 755 623 837 religiosorum
638 754 753 837 probat
768 754 951 819 auctoritas.

340 859 430 941 Opus
461 864 570 921 autem
599 857 716 940 ipsum,
746 878 905 940 praesumo
934 858 1098 942 majestati
1126 865 1254 935 vestrae,

295 964 438 1029 fortassis
467 963 683 1046 impudenter,
708 963 831 1041 offerre,
859 984 934 1026 cum
964 963 1151 1027 nullatenus
1182 985 1254 1028 ora-

294 1067 391 1132 tionis
415 1067 536 1151 jejunae
562 1066 679 1130 macies
702 1072 864 1130 mereatur
886 1067 922 1128 in
950 1067 1114 1148 sapientiae
1137 1076 1254 1132 vestrae

295 1171 403 1235 venire
430 1178 645 1253 conspectum.
694 1169 766 1232 Scio
792 1176 903 1232 tamen
927 1170 1002 1252 quia
1025 1169 1141 1253 saepius
1165 1171 1254 1254 apud

295 1297 349 1338 vos
379 1274 563 1355 benignitas
592 1272 828 1358 indulgentiam
857 1273 952 1355 parit,
979 1294 1075 1356 quam
1102 1274 1254 1338 severitas

296 1377 505 1454 exactissima,
521 1397 660 1460 poenam.
701 1375 767 1441 Qui
782 1375 869 1439 enim
883 1375 994 1439 leviori
1008 1375 1111 1458 culpae
1124 1376 1253 1441 veniam

296 1487 403 1564 negat,
433 1500 561 1543 causam
592 1479 783 1562 quandoque
813 1478 966 1561 gravioris
996 1478 1159 1562 importat.
1216 1480 1253 1543 Si
1358 1547 1363 1552 ,

296 1584 373 1668 quid
402 1591 514 1648 tamen
543 1583 578 1646 in
604 1582 763 1667 judicium
793 1582 892 1646 libeat
924 1583 1085 1661 devocare,
1115 1604 1183 1646 non
1213 1583 1253 1648 de

295 1689 450 1772 qualitate
475 1687 587 1770 operis,
608 1686 664 1749 sed
688 1686 728 1750 de
752 1685 873 1769 opificis
898 1687 1097 1768 cognoscatis
1122 1687 1260 1754 affectu..

296 1791 405 1876 Hujus
417 1789 662 1855 examinationis
677 1788 818 1872 periculo
834 1810 886 1852 me
902 1810 1032 1853 secmus
1048 1810 1181 1873 expono,
1192 1811 1252 1854 nec

295 1897 512 1980 cognitionem
527 1893 713 1972 formidans,
730 1913 790 1956 neo
810 1894 909 1956 latam
925 1914 964 1955 ex
979 1893 1164 1976 cognitione
1179 1916 1251 1958 sen-

295 2001 442 2064 tentiam.
505 1997 591 2063 Quia
623 1997 698 2060 licet
731 1997 930 2060 rhetoricum
964 1998 1104 2060 colorem
1133 1998 1252 2062 formet

295 2104 428 2166 scientia
452 2124 518 2165 non
542 2101 686 2178 affectus,
712 2101 739 2162 si
763 2122 829 2163 non
852 2101 937 2163 hanc
960 2101 1085 2182 peritiae
1109 2101 1251 2181 laudem,

295 2207 408 2269 saltem
428 2205 522 2269 bonae
541 2203 716 2267 voluntatis
737 2203 874 2286 gratiam
895 2225 1137 2287 consequemur.
1184 2206 1249 2271 Sed

296 2317 328 2375 et
343 2309 403 2373 hoc
424 2308 535 2373 advos
555 2307 758 2391 potissimum
778 2306 933 2371 destinari
952 2308 1034 2371 ratio
1054 2308 1250 2392 postulabat,

295 2435 369 2477 oum
396 2412 527 2476 ineam
553 2432 681 2475 causam
706 2418 823 2475 cuncta
847 2412 1033 2495 specialium
1060 2412 1251 2496 allegentur,

295 2539 367 2603 quae
390 2516 479 2580 vobis
503 2514 629 2600 agenda
655 2515 825 2578 commissa
851 2523 909 2579 est.
956 2515 1084 2599 Quippe
1110 2538 1184 2580 cum
1210 2519 1253 2582 ad

294 2621 508 2686 resistendum
528 2619 759 2684 Petro-Leonis
781 2619 815 2681 in
831 2619 927 2682 Italia
945 2619 1067 2683 Praesul
1084 2621 1252 2684 Romanus

294 2727 471 2791 indefessus
487 2725 615 2790 assistat
624 2751 633 2803 3
658 2726 699 2788 ad
717 2723 931 2788 resistendum
948 2723 1086 2788 Girardo
1102 2745 1157 2788 vos
1177 2725 1251 2789 reli-

296 2832 365 2915 quit
381 2831 416 2894 in
432 2831 547 2908 Gallia,
563 2839 599 2893 ut
620 2830 661 2892 sit
682 2828 779 2912 capiti
799 2835 896 2911 caput
917 2828 1109 2910 oppositum,
1126 2834 1160 2891 et
1175 2828 1251 2892 dex-

295 2942 365 2998 tera
387 2934 525 2997 dexterae
548 2932 741 2995 conferatur.
789 2931 880 2994 Sicut
902 2931 989 2994 enim
1012 2931 1128 2995 Petrus
1151 2932 1251 2996 schis-

295 3037 390 3101 matis
409 3037 506 3118 hujus
526 3035 673 3118 princeps
694 3042 726 3098 et
747 3042 932 3113 auctorest,
949 3035 994 3098 sic
1010 3035 1252 3121 Girardusejus

296 3139 382 3203 inter
396 3138 505 3201 omnia
524 3137 731 3221 principalius
752 3145 801 3202 est
820 3139 1085 3202 instrumentum.
1131 3140 1173 3203 In
1189 3161 1253 3223 quo

296 3242 373 3326 quid
403 3241 442 3305 de
471 3241 535 3305 fide
565 3246 598 3304 et
627 3240 799 3325 prudentia
828 3247 933 3305 vestra
963 3241 1169 3306 sentiendum
1199 3243 1252 3322 sit,

295 3345 465 3410 manifeste
488 3344 659 3430 probatum
686 3351 744 3423 est,
771 3366 844 3408 cum
870 3346 998 3409 nullum
1021 3346 1110 3409 vobis
1134 3353 1252 3430 praetu-

295 3450 368 3514 lerit
398 3449 434 3525 is,
464 3450 519 3533 qui
547 3471 608 3513 nec
637 3448 787 3533 probaret
816 3449 976 3532 ignotum,
1002 3471 1107 3533 neque
1136 3455 1252 3514 notum

296 3573 392 3634 supra
406 3552 522 3615 merita
535 3552 671 3636 propriae
686 3552 815 3615 virtutis
832 3552 967 3615 efferret.
999 3552 1188 3616 Arbitratus
1203 3560 1252 3617 est

294 3656 398 3718 virum
414 3678 510 3739 quem
525 3657 639 3719 caritas
656 3657 823 3734 animaret,
841 3677 937 3739 quem
953 3657 1122 3720 suscitaret
1139 3657 1251 3721 obedi·

296 3759 392 3838 entia,
418 3781 514 3842 quem
541 3761 674 3824 scientia
700 3767 837 3842 cogeret,
863 3761 915 3824 cui
940 3768 1069 3845 pararet
1093 3761 1252 3827 fortitudo

295 3864 470 3927 victoriam.
516 3863 667 3928 Probavit
692 3864 727 3926 in
753 3863 841 3928 vobis
867 3865 902 3927 in
931 3866 995 3929 fide
1024 3866 1252 3944 constantiam,

294 3968 510 4051 humilitatem
536 3967 571 4030 in
595 3967 811 4050 obsequendo,
835 3969 871 4031 in
898 3969 1085 4052 exequendo
1111 3969 1251 4050 pruden-

296 4072 384 4150 tiam,
408 4072 443 4134 in
467 4071 653 4134 difficultate
677 4072 954 4153 perseverantiam.
1002 4073 1084 4138 Quis
1109 4093 1165 4135 vos
1191 4073 1252 4136 hac

297 4175 365 4257 ejus
381 4175 615 4239 existimatione
631 4182 727 4258 neget
749 4195 816 4239 esse
831 4175 979 4274 felicem?
1019 4176 1100 4243 Quis
1116 4175 1250 4247 beatum
