2834 4920
580 581 748 624 01111111.
1095 570 1135 630 41

196 724 255 843 11.Ι
269 766 473 847 Epitaphium
488 769 638 831 1111111
651 771 874 850 Jmperatricis,
887 772 982 853 aequ
995 773 1127 836 Horta

323 871 411 952 filice,
427 879 458 936 et
473 875 601 937 alterius
615 876 710 956 Reyie
723 876 854 938 Heurici
868 877 989 939 matris.

188 1009 288 1091 Regia
302 1010 479 1093 progenies,
497 1011 592 1094 stirps
609 1013 720 1095 Regia,
739 1012 873 1076 Caesaris
888 1034 978 1091 uxor,

230 1113 294 1175 Hic
310 1119 358 1176 est
373 1135 492 1195 magna
506 1114 594 1178 brevi
610 1116 717 1177 clausa
732 1115 872 1178 Matilda
886 1116 965 1179 loco.

185 1215 353 1279 Virtutum
370 1217 474 1280 titulis
489 1218 625 1281 humani
640 1219 768 1281 culmen
784 1219 914 1282 honoris

228 1319 374 1382 Excessit
389 1320 514 1399 mulier,
530 1321 577 1383 nil
592 1321 735 1384 mulieris
750 1321 892 1385 habens:

186 1421 383 1514 Septembris
399 1422 522 1486 decima
536 1444 637 1506 regno
651 1431 724 1507 post
739 1446 840 1507 regna
854 1433 991 1508 recepto,
1063 1508 1065 1515 y

228 1528 379 1592 Creditur
394 1535 551 1593 aeternum
567 1530 771 1597 continuasse
786 1531 881 1595 diem.

532 1705 583 1766 12.
607 1704 656 1765 De
671 1704 785 1766 eodem.

184 1837 281 1918 Regis
296 1843 399 1901 mater
414 1845 493 1918 erat,
510 1845 543 1902 et
559 1840 702 1923 Regibus
718 1847 789 1904 orta
803 1841 961 1919 Matildis,

225 1940 457 2024 Extuleratque
472 1942 566 2006 thoro
581 1943 737 2007 nobiliore
753 1965 855 2026 genus
870 1971 876 2007 :

185 2042 247 2106 Sed
263 2044 365 2126 magis
380 2046 510 2129 egregia
524 2047 682 2110 virtutum
696 2047 791 2110 laude
807 2069 986 2125 coruscans,

226 2147 403 2211 Fortunam
418 2149 543 2232 generis
558 2150 677 2213 vicerat
692 2156 788 2234 atque
804 2151 899 2213 thori.

183 2249 380 2334 Septembris
396 2251 519 2316 decimo
535 2253 594 2317 sub
611 2253 715 2337 prima
729 2254 857 2318 transiit
872 2254 961 2333 hora,

225 2353 276 2418 De
291 2360 402 2418 nostra
416 2355 457 2419 ad
471 2377 581 2420 verum
595 2365 690 2421 nocte
705 2364 831 2422 revecta
846 2356 942 2421 diem.

345 2529 395 2590 13.
421 2527 485 2591 Sub
500 2548 589 2592 cruce
604 2549 643 2592 11
650 2549 787 2610 persono
806 2528 965 2610 Crumfioei.
1072 2606 1074 2612 Ι

183 2661 236 2725 Sic
251 2683 344 2726 cruce
360 2663 438 2726 tollo
453 2684 590 2741 crucem,
606 2664 745 2727 moriens
761 2665 800 2727 de
814 2671 918 2727 morte
933 2664 1106 2748 triumpho,

224 2765 398 2829 Vivificans
412 2766 578 2828 hominem
593 2766 803 2829 mortificatus
817 2766 924 2829 hom0.

181 2868 295 2932 Gratia
309 2867 463 2933 mandata
477 2868 664 2951 praescribit,
680 2868 782 2931 forma
797 2869 918 2950 figurae,

225 2972 289 3036 Res
305 2972 407 3055 siguo,
423 2971 520 3036 morti
536 2970 610 3048 vita,
626 2992 744 3036 corona
754 2971 843 3056 jugo.

268 3145 320 3205 14.
343 3143 400 3206 Ad
411 3149 548 3225 nepotem
562 3163 659 3222 11111,
676 3163 744 3206 cum
758 3148 836 3207 11111
851 3144 1035 3209 adolescens.

179 3279 267 3343 Olim
280 3300 333 3344 me
348 3279 504 3344 celebrem
518 3279 723 3343 Normannia
736 3286 807 3343 tota
821 3279 955 3343 Poetam

223 3383 335 3462 Duxit,
351 3384 464 3467 vixque
479 3383 577 3448 dabat
594 3383 699 3447 Gallia
712 3389 783 3446 tota
797 3404 917 3466 parem.

179 3487 292 3551 Altera
306 3487 346 3551 de
360 3487 472 3572 primis
488 3508 540 3551 me
555 3486 699 3564 credidit,
717 3487 818 3550 altera
831 3487 972 3570 primum

222 3595 336 3677 Deque
350 3595 416 3659 suis
432 3594 512 3657 dixit
528 3593 593 3672 illa,
611 3592 667 3656 sed
681 3593 744 3655 ista
758 3614 863 3656 suum.

178 3698 322 3781 Magnus
336 3698 456 3782 ubique
470 3705 581 3762 tamen
595 3698 682 3761 vario
697 3697 882 3761 celebrabar
895 3698 1025 3776 honoro,

222 3802 347 3866 Illustri
361 3823 503 3886 peregre,
519 3800 741 3885 praecipuoque
757 3801 852 3865 domi.

178 3905 277 3970 Nunc
292 3927 374 3969 nova
388 3905 472 3969 forte
487 3926 606 3969 novum
621 3911 727 3968 vatem
741 3911 775 3968 11
790 3904 924 3987 protulit
940 3910 1017 3967 aetas

221 4009 274 4073 Ad
289 4009 425 4073 formam
440 4007 584 4087 rudibus,
600 4008 816 4091 invidiamque
830 4007 933 4071 bonis.

179 4112 228 4175 De
243 4134 405 4196 pueroque
420 4134 529 4177 senem
544 4113 687 4176 formans
702 4111 848 4176 doctrina
864 4113 1006 4185 Poetam,

222 4216 346 4280 Indidit
362 4217 450 4281 aetati
465 4238 531 4281 non
547 4239 604 4280 sua
619 4215 715 4280 verba
730 4223 804 4280 tuae.
