2834 4920
475 550 565 594 olwo
582 549 840 592 ALPHABE'HCUS
1093 549 1133 589 XV

184 767 308 831 Literas
320 768 399 850 jam.
417 772 484 847 opt.
500 786 564 828 ves.
680 813 686 827 .
777 812 784 828 .
876 813 883 827 .

184 870 309 934 Literas
323 890 409 953 poen.
426 876 459 932 et
472 889 561 932 conv.

184 973 303 1037 Literae
318 995 371 1055 qu.
387 993 459 1035 nov.
475 994 539 1035 ves.
555 972 611 1035 mi.
681 1019 687 1034 .
779 1019 786 1034 .
878 1020 884 1033 .

185 1077 311 1139 Literas
325 1097 389 1139 ves.
407 1075 472 1157 dig.
489 1095 554 1138 acc.
682 1123 689 1138 .
780 1123 787 1137 .
878 1124 884 1137 .

185 1179 311 1242 Literas
325 1199 388 1241 ves.
406 1177 461 1241 dil.
478 1198 542 1241 acc.
560 1200 590 1260 q.
681 1225 687 1240 .
779 1226 786 1241 .

186 1281 344 1362 Magnam
359 1280 414 1342 mi.
431 1281 495 1343 laet.
513 1280 577 1361 dig.
683 1328 689 1343 .
780 1327 788 1343 .
878 1329 885 1342 .

186 1383 382 1446 Mandatum
397 1403 461 1445 ves.
479 1382 549 1444 sub.
566 1403 612 1446 ac.
683 1429 690 1445 .
781 1429 788 1446 .
879 1431 886 1446 .

186 1485 326 1549 Memini
341 1507 393 1548 me
408 1506 465 1568 pro
481 1485 538 1548 lat.
586 1533 593 1546 .

187 1691 369 1754 Monachus
384 1691 438 1753 ille
453 1691 491 1754 L.
509 1692 549 1754 ol.

190 2100 271 2163 Orto
285 2108 335 2163 est
349 2100 385 2162 in
400 2100 493 2182 episc.
510 2120 579 2162 nos.

189 2202 363 2266 Personam
380 2201 476 2266 Dom.
492 2202 574 2265 Lon.
591 2223 641 2284 ap.

193 2304 343 2369 Pervenit
359 2305 399 2369 ad
414 2307 509 2370 notit.
526 2328 591 2369 ves.

187 1794 300 1856 Motus
316 1801 365 1857 est
380 1792 449 1856 adv.
466 1814 518 1855 me
534 1793 588 1856 sic.
684 1841 690 1855 .
782 1841 789 1856 .
880 1842 887 1856 .

187 1896 332 1958 Nuntios
347 1902 380 1958 et
394 1895 442 1958 lit.
459 1915 522 1958 ves.
539 1894 591 1957 do.
685 1941 691 1955 .

190 1997 353 2062 Orationis
369 2018 438 2060 cau.
455 1997 534 2080 prof.
551 1997 586 2059 in
687 2044 693 2057 .
785 2045 791 2058 .
880 2044 888 2058 .

1022 686 1132 727 nn.

974 768 1134 830 ,78

683 871 1136 932 ....98-

975 974 1136 1034 ,4838

975 1079 1136 1139 ,29-

877 1182 1136 1242 ..42

976 1283 1136 1343 ,34-

977 1385 1135 1446 ,8485

684 1533 691 1548 .
782 1533 789 1548 .
880 1535 886 1548 .
978 1489 1072 1551 ,87
1095 1489 1137 1548 89

187 1588 280 1653 Misit
295 1588 350 1651 mi.
366 1609 432 1671 per.
451 1587 556 1651 Gileb.
684 1636 690 1650 .
781 1636 789 1652 .
880 1637 886 1652 .

977 1638 983 1651 .
1010 1593 1072 1652 122
1093 1626 1138 1636 -

1031 1695 1073 1755 89
1094 1729 1138 1738 -

978 1841 985 1855 .
1012 1797 1071 1857 125
1095 1831 1140 1841 -

979 1942 985 1957 .
1032 1897 1074 1958 62
1097 1899 1141 1958 54

979 2046 986 2060 .
1032 2000 1074 2061 93
1096 2034 1140 2046 -

1013 2102 1076 2163 126
1097 2137 1141 2147 -

981 2251 987 2264 .
1034 2205 1076 2264 56
1098 2206 1141 2266 49

1014 2309 1076 2369 112
1097 2342 1141 2353 -

190 2408 387 2472 Potitionem
402 2409 471 2472 Bai.
488 2430 550 2472 ecc.
568 2409 696 2472 der..
786 2457 793 2471 .
884 2457 890 2470 .
982 2456 988 2470 .

191 2513 368 2577 Potitiones
383 2535 403 2576 a
416 2535 469 2577 no.
486 2522 511 2577 t.
527 2516 549 2577 f.

191 2615 378 2697 Philippum
392 2637 439 2678 ve.
457 2617 497 2679 de
514 2615 618 2680 Chau.

193 2721 271 2783 Post
286 2719 363 2782 disc.
379 2741 442 2782 ves.
458 2720 535 2801 imp.
592 2769 598 2782 .
690 2769 696 2784 .
788 2770 794 2783 .
886 2769 892 2782 .
983 2767 990 2781 .

194 2820 393 2902 Praeoepistis
408 2821 497 2884 Will.
514 2822 546 2884 fi.
563 2822 622 2886 Ra.
690 2872 696 2885 .
788 2872 794 2884 .
886 2871 892 2884 .
984 2871 990 2884 .

194 2924 596 2986 fflmffimm.
689 2974 794 2987 ..
887 2975 990 2987 ..

193 3025 257 3088 Pro
272 3025 339 3089 viro
354 3047 425 3089 ven.
443 3027 523 3109 Reg.
542 3027 599 3090 Ba.

194 3130 257 3192 Pro
272 3129 316 3192 fil.
333 3150 396 3191 ves.
413 3129 449 3192 F.
466 3137 567 3211 pater.
594 3179 600 3192 .
691 3180 697 3191 .
790 3179 796 3191 .
888 3178 894 3191 .
986 3178 992 3191 .

194 3231 258 3294 Pro
272 3252 379 3294 vener.
396 3239 460 3314 pat.
477 3252 546 3294 nos.
594 3281 600 3294 .
693 3281 699 3294 .
791 3280 797 3293 .
889 3281 895 3293 .
985 3280 992 3294 .

194 3333 257 3396 Pro
274 3332 352 3395 Sim.
369 3354 438 3396 nos.
455 3339 538 3415 grat.
596 3382 602 3395 .
693 3383 699 3396 .
791 3382 797 3395 .
889 3383 895 3394 .
987 3382 993 3395 .

196 3436 258 3498 Pro
272 3435 392 3509 Willel.
408 3456 495 3498 mon.
513 3436 553 3498 ol.
595 3484 602 3498 .
694 3485 700 3498 .
791 3484 797 3497 .
890 3485 896 3497 .
987 3485 993 3498 .

196 3539 260 3601 Pro
277 3538 352 3620 Sag.
370 3560 415 3601 ec.
432 3545 476 3601 to.
493 3559 578 3600 men.
692 3589 698 3600 .
790 3587 796 3599 .
888 3587 895 3600 .
986 3587 992 3600 .

197 3641 279 3705 Quae
294 3640 359 3705 det.
377 3663 429 3723 qu.
446 3642 509 3704 lab.
528 3664 579 3723 qu.
695 3691 701 3704 .
793 3690 799 3703 .
890 3689 897 3702 .
988 3690 995 3703 .

198 3746 994 3830 Qfflwmmn....

198 3852 305 3916 Quam
320 3850 409 3913 utilis
425 3872 474 3933 ap.
492 3851 581 3914 Prin.
695 3899 701 3912 .
792 3899 799 3912 .
891 3898 897 3910 .
988 3897 995 3910 .

199 3953 362 4018 Quamdiu
378 3974 441 4016 ecc.
459 3954 510 4016 cui
526 3955 596 4016 Deo
695 4002 701 4015 .
793 4001 799 4014 .
891 4000 897 4013 .
989 4000 995 4011 .
1081 3987 1085 4007 ι

200 4056 307 4120 Quom
323 4079 389 4118 san.
408 4078 458 4137 qu.
477 4065 523 4119 ut.
541 4079 593 4139 qu.
696 4104 702 4117 .
794 4105 800 4117 .
891 4102 898 4115 .
990 4103 996 4113 .

200 4159 331 4223 Quanta
346 4167 423 4223 tem.
439 4159 480 4221 la.
497 4180 560 4222 ecc.
598 4207 604 4220 .
696 4206 702 4220 .
794 4207 800 4218 .
892 4204 899 4218 .
990 4202 996 4215 .

201 4260 370 4325 Quantum
384 4260 439 4322 mi.
457 4281 524 4341 gra.
541 4262 576 4323 in
696 4308 702 4320 .
794 4308 800 4320 .
891 4304 898 4318 .
990 4304 996 4318 .
