2834 4920
596 587 765 632 GARMINA·

208 705 305 770 Utilis
320 710 446 789 optatos
462 703 551 768 dabit
566 705 743 788 expectatio
757 704 892 786 fructus,

247 811 291 873 ut
305 811 396 874 laetos
410 809 538 894 parient
553 810 650 874 anxia
663 816 737 875 vota
752 809 829 876 dies.

475 1003 511 1073 8.,
529 1001 586 1064 Ad
599 1001 727 1064 lascivos
743 998 881 1063 sodales.
1011 992 1017 1004 ⁸

205 1129 302 1192 Mens
316 1149 389 1193 mea
402 1129 560 1193 virtutum
576 1128 692 1192 studiis
706 1150 726 1193 a
740 1135 884 1211 tempore
899 1129 1002 1211 primo

248 1232 375 1297 Institit
390 1233 526 1296 infames
541 1231 637 1297 docta
651 1253 762 1296 cavere
776 1231 853 1310 vias,

205 1335 270 1400 Sed
285 1357 349 1418 quo
363 1334 429 1400 vita
443 1335 523 1399 mibi
538 1335 678 1400 securior
691 1341 776 1399 esset
791 1334 878 1418 apud
892 1354 957 1414 voa,

248 1440 371 1504 Cautus
386 1439 563 1503 honestatis
578 1439 796 1503 dissimulator
810 1459 908 1502 eram.

204 1541 368 1626 Optabam
384 1542 471 1607 credi
487 1541 598 1606 similis
613 1563 680 1604 non
695 1563 763 1606 esse
778 1541 929 1619 favorem,

247 1646 327 1722 Non
340 1645 421 1709 mihi
435 1666 510 1709 vera
524 1644 633 1724 dabat,
648 1644 704 1709 sed
719 1645 870 1709 simulata
884 1645 1007 1709 Venus.

207 1748 341 1812 Servivit
355 1748 445 1812 vobis
460 1754 545 1811 nutu
559 1747 689 1811 solertia
704 1748 781 1827 solo,

248 1851 481 1935 Praestringens
497 1849 646 1933 equidem
662 1849 718 1914 sed
733 1850 865 1914 meliore
880 1849 963 1914 dolo.

205 1955 301 2019 Mens
317 1955 460 2020 studiosa
475 1976 533 2018 sua
548 1974 582 2018 se
597 1954 754 2018 clauserat
769 1953 967 2036 integritate,

247 2057 301 2122 Ne
315 2058 417 2122 virtus
431 2057 550 2121 faceret
566 2055 798 2140 disparitasque
813 2078 951 2139 gravem.

204 2161 266 2226 Ast
280 2160 338 2225 ubi
351 2182 419 2225 non
433 2161 540 2244 potuit
554 2160 708 2245 perfectio
723 2160 926 2240 dissimulari,

250 2265 356 2347 Seque
371 2264 436 2328 suis
451 2264 552 2328 virtus
567 2263 708 2347 prodidit
722 2262 866 2326 indiciis:

105 2394 109 2399 ·
206 2367 340 2432 Invidiae
356 2367 493 2431 stimulis
509 2366 586 2450 angi
601 2367 721 2431 stillare
736 2387 860 2431 veneno

247 2471 290 2534 In
305 2471 438 2554 populos
454 2470 552 2554 coepit
566 2470 680 2553 lingua
694 2455 837 2553 maligna
851 2492 934 2534 suos.

204 2574 368 2638 Confiteor
382 2574 549 2658 placuisse,
564 2574 683 2657 pudet:
708 2575 860 2663 quoniam
873 2575 1031 2658 placuisse

245 2677 416 2762 'turpibus
432 2684 489 2742 aut
504 2684 635 2761 propter
649 2678 766 2760 turpia,
781 2684 876 2762 turpe
891 2678 985 2743 bono.

204 2781 390 2845 Debueram
405 2781 489 2844 clare
503 2779 627 2862 rupisse
642 2779 779 2857 silentia,
795 2800 863 2843 non
878 2800 931 2844 me

247 2883 420 2948 Defunctis
435 2883 534 2947 tacito
550 2883 761 2965 consepelisse
775 2888 875 2946 metu.

204 2989 310 3052 Servit
326 2987 413 3051 enim
428 2985 539 3050 sceleri
553 2985 655 3049 virtus
669 2984 841 3065 taciturna,
856 3006 990 3070 reosque

246 3090 404 3169 Absolvit,
420 3090 447 3153 si
461 3111 528 3154 non
542 3088 665 3153 indicat
679 3110 750 3153 esse
763 3110 845 3152 reos.

204 3195 283 3258 Pars
298 3193 368 3257 vitii
383 3201 432 3259 est
446 3193 561 3257 vitium
577 3191 687 3275 quovis
701 3191 831 3276 palpare
845 3192 961 3270 favore,

246 3297 336 3362 Nam
351 3297 511 3382 palpando
527 3298 614 3362 foves
630 3303 726 3380 atque
741 3298 878 3362 fovendo
893 3298 982 3362 facis.

204 3401 342 3464 Praestat
357 3423 450 3484 opem
464 3401 598 3465 tacitam
612 3399 757 3483 viresque
771 3400 934 3464 ministrat
949 3401 1066 3485 agendi

248 3504 313 3570 Qui
327 3511 422 3583 tacet,
439 3510 473 3568 et
486 3509 614 3587 poterat
628 3502 741 3567 obvius
755 3504 818 3568 isse
832 3505 929 3568 malo.

204 3608 291 3672 Nam
305 3609 407 3672 virtus
420 3608 492 3673 vitii
505 3629 566 3672 nec
581 3613 679 3686 amat,
694 3629 755 3671 nce
770 3608 909 3672 sustinet
923 3608 1083 3689 umbram,

246 3714 318 3778 Nec
332 3713 396 3777 luci
409 3711 561 3776 tenebras
575 3710 738 3776 contrahit
751 3711 821 3795 ipsa
835 3733 910 3777 suae.

224 3901 255 3962 9.
280 3900 380 3982 Sapor
394 3900 586 3983 sepulchrum
600 3899 696 3981 Rapis
709 3899 850 3978 Heorta,
866 3900 900 3962 ia
915 3921 972 3981 qao
988 3899 1143 3962 cerebram

475 4008 505 4065 ct
520 4022 573 4065 cor
587 4004 653 4084 eju-s
666 4003 786 4084 sepulto
801 4008 883 4066 suat.

206 4126 338 4194 Henrici
353 4132 443 4215 cujus
459 4130 599 4215 celebrat
613 4151 674 4195 vox
687 4129 817 4215 publica
831 4150 962 4207 nomen,

248 4231 321 4298 Hoc
335 4255 393 4317 pro
408 4240 498 4318 parte
510 4235 620 4318 jacent
635 4232 780 4297 membra
795 4233 921 4316 sepulta
934 4232 1014 4295 loco.
