2834 4920
311 520 354 581 42
545 537 696 580 nanuum
713 536 834 580 nnxov.
853 532 1025 580 aluums.

311 650 422 715 Verba
436 672 546 715 senem
561 651 701 734 sapiunt,
716 651 886 734 ipsumque
900 653 1042 735 professa
1057 653 1230 717 Maronem

355 753 498 819 Imberbi
512 754 605 818 floret
619 754 739 838 pagina
753 753 883 819 canicie.

311 858 387 941 Ipsa
400 864 474 921 tuos
489 857 606 921 mirata
621 857 688 922 dies
704 863 737 921 et
751 857 849 921 verba
863 857 989 922 dierum
1010 861 1013 867 '

354 961 474 1025 Palluit
489 961 531 1025 ad
545 982 654 1025 versus
671 967 704 1025 et
719 981 792 1024 mea
806 961 906 1025 Musa
919 968 1004 1025 tuos.

237 1075 243 1080 ·
310 1065 458 1147 Cumque
472 1085 560 1129 meas
576 1065 669 1128 solito
685 1064 891 1148 sumpsissem
906 1085 995 1128 more
1010 1064 1154 1146 tabellas,

353 1167 494 1231 Privavit
509 1167 653 1249 linguam
668 1187 754 1246 voce,
769 1189 967 1251 manumque
982 1168 1066 1233 stilo.

310 1271 398 1354 Ergo
413 1271 473 1335 tibi
488 1271 601 1335 Musas
617 1277 829 1354 sanctumque
846 1271 1005 1336 Helicona
1018 1272 1157 1356 resigno,

354 1375 398 1438 Et
413 1373 522 1438 dulces
538 1373 619 1438 sacri
634 1373 745 1438 desero
759 1374 858 1439 fontis
873 1397 990 1458 aquas:

310 1477 360 1542 Tu
375 1479 443 1542 cole
458 1499 537 1561 quas
552 1477 664 1557 nostri,
680 1499 819 1564 quarum
832 1479 973 1543 retinere
986 1479 1128 1544 favorem

354 1584 433 1647 Non
448 1582 511 1646 nisi
526 1581 647 1646 sollerti
663 1582 833 1646 sedulitate
848 1589 949 1674 potes.

368 1758 419 1818 15.
442 1754 647 1836 Epitaphium
661 1754 776 1836 Alpuri
794 1754 1035 1818 Oomtualieasis
1049 1755 1207 1838 Episcopi.

310 1892 461 1957 Praesulis
475 1891 589 1974 Algari
604 1890 705 1954 cineri
721 1896 839 1954 natura
854 1891 979 1975 sepulto

355 1997 434 2060 Non
449 1995 554 2079 potuit
569 1994 722 2058 meritum
737 1994 931 2077 consepelire
945 1995 1022 2058 viri:

309 2099 398 2162 Nam
413 2105 533 2162 terram
548 2097 663 2175 titrdis,
679 2098 797 2160 coelum
811 2096 984 2161 virtutibus
998 2098 1145 2181 implens,

355 2202 443 2264 Dum
459 2200 552 2264 nobis
567 2199 713 2278 moritur,
728 2205 767 2263 ut
783 2198 844 2263 sibi
858 2201 953 2280 vivat,
970 2200 1048 2265 obit.

311 2306 424 2387 Ipsum
439 2303 540 2386 igitur
555 2303 630 2385 quia
643 2308 730 2367 terra
743 2304 849 2367 virum
863 2303 998 2387 coelique
1013 2306 1201 2389 loquuntur,

355 2407 569 2490 Consignasse
585 2406 673 2469 brevi
688 2406 805 2471 sufficit
820 2407 933 2490 elogio.

314 2511 413 2575 Hunc
428 2516 461 2574 et
476 2509 658 2575 Martinam
672 2508 860 2573 meritorum
876 2511 1003 2575 conscia
1016 2514 1110 2576 terris

354 2614 510 2693 Abstulit,
527 2620 560 2678 et
575 2613 655 2678 coelo
670 2613 810 2678 reddidit
825 2635 891 2677 una
906 2614 984 2679 dies.

338 2788 389 2850 16.
412 2787 617 2869 Epitaphium
631 2786 774 2868 Hupopis
788 2786 971 2867 Roihomap.
986 2787 1232 2870 Arcaiapiscopi.

312 2922 402 2987 Intcr
416 2922 589 2987 Pontifices
605 2922 733 3005 speciali
748 2921 866 3004 dignus
880 2922 1003 2986 honore

355 3025 420 3090 Hic
435 3032 555 3089 nostrae
571 3025 674 3088 carnis
691 3023 791 3108 Hugo
805 3026 948 3108 resignat
963 3047 1055 3107 onus,

311 3128 510 3211 Consignata
523 3127 612 3191 brevi
625 3127 823 3192 clauduntur
836 3130 982 3193 membra
996 3131 1173 3215 sepulchro,

354 3232 433 3296 Non
447 3238 558 3296 tamen
574 3238 646 3296 acta
660 3232 719 3296 viri
734 3232 854 3297 claudit
869 3239 1005 3316 uterquc
1019 3235 1122 3319 polus.

312 3335 474 3419 Quicquid
490 3336 652 3419 dispensat
668 3344 700 3401 et
715 3337 925 3421 compartitur
938 3338 976 3427 in
989 3359 1111 3418 omncs,

299 3474 303 3483 ·
354 3441 468 3505 Gratia
482 3441 663 3506 contulerat
678 3441 936 3525 praestiteratque
950 3442 1028 3506 viro.

311 3545 490 3608 Foccundos
505 3544 606 3628 igitur
620 3544 777 3609 virtutum
793 3545 883 3628 copia
896 3545 1021 3609 fructus

354 3647 453 3725 Fecit,
470 3653 501 3711 et
516 3649 603 3711 ultra
618 3647 781 3711 hominem
796 3655 845 3712 est
860 3649 1084 3732 magnificatus
1099 3649 1206 3713 homo.

309 3750 453 3813 Tandem
468 3757 540 3832 post
556 3751 689 3814 celebris
704 3751 810 3815 felicia
824 3758 970 3836 tempora
984 3753 1058 3817 vitae

355 3853 494 3916 Sustulit
509 3853 680 3917 emeritum
695 3853 808 3918 flebilis
823 3854 904 3919 hora
918 3877 1038 3920 senem.

309 3957 372 4021 Par
387 3956 530 4020 Martine
546 3956 605 4020 tibi
619 3977 813 4040 consorsque
827 3958 956 4023 futurus
971 3960 1107 4024 eandem

353 4061 493 4127 Sortitus
508 4067 617 4125 tecum
632 4067 681 4125 est
696 4061 935 4127 commoriendo
950 4063 1046 4128 diem.
