2834 4920
229 532 292 594 132
555 547 706 590 annuam
724 546 842 589 naxov.

227 665 349 730 scilicet
371 671 508 746 utroque
529 664 646 746 scripto
667 670 821 746 tanquam
843 663 1089 745 allegationibus
1112 683 1182 745 par·

226 769 310 832 tium
333 765 485 848 utrinque
510 766 681 848 proposito,
711 766 829 827 rectius
859 764 993 847 possint,
1022 766 1114 848 quasi
1143 765 1181 828 de

223 869 344 952 judicio
358 868 495 931 formare
515 867 694 944 consilium,
710 873 743 929 et
758 866 909 949 liquidius
925 867 965 930 de
980 868 1178 950 contempla-

227 970 317 1034 tione
338 970 486 1032 falsitatis
508 971 661 1052 oppositae
684 990 874 1050 cognoscere
894 970 1075 1033 veritatem.
1122 969 1181 1032 Cui

228 1094 305 1135 sane
316 1072 482 1153 colloquio,
497 1072 571 1153 quia
586 1071 792 1154 corporaliter
806 1071 916 1134 adesse
931 1093 998 1135 non
1014 1071 1116 1154 potui,
1127 1092 1183 1154 per

227 1173 408 1256 Epistolam,
422 1174 536 1236 saltem
553 1174 708 1236 interesse
729 1173 846 1250 curavi,
862 1180 901 1234 ut
919 1195 1064 1256 personae
1082 1174 1182 1238 vicem

228 1277 346 1359 pagina
375 1278 531 1359 suppleat,
557 1282 589 1338 et
618 1276 697 1338 vivae
719 1275 803 1339 vocis
824 1275 1015 1339 instantiam
1038 1276 1184 1359 Epistola

228 1379 331 1442 fidelis
346 1378 514 1440 instauret.
560 1379 661 1460 Cujus
677 1378 774 1440 etiam
785 1378 939 1460 Epistolae
953 1378 1183 1461 transcriptum

229 1481 394 1545 sanctitati
409 1487 522 1544 vestrae
540 1480 650 1543 censui
665 1480 904 1557 destinandum,
920 1487 958 1542 ut
981 1481 1184 1544 devotionem

230 1605 347 1661 meam,
378 1584 522 1665 quamvis
558 1603 673 1664 parum
709 1582 832 1658 utilem,
864 1582 1037 1646 officiosam
1074 1590 1184 1647 tamen

230 1693 335 1750 vestra
349 1686 477 1749 dilectio
496 1692 714 1768 recognoscat.
760 1684 811 1748 De
827 1693 951 1762 caetero,
968 1685 1105 1748 Librum
1120 1687 1184 1749 En·

230 1789 319 1853 nodii
334 1789 422 1853 vobis
437 1789 542 1865 mitto,
560 1788 701 1850 alienum
717 1787 856 1870 quidem,
873 1788 929 1851 sed
948 1788 974 1850 si
989 1788 1186 1871 experientia

230 1900 335 1955 vestra
369 1892 559 1974 probaverit,
594 1891 824 1972 transcriptum
859 1911 933 1953 cum
963 1897 1087 1972 quanta
1119 1889 1186 1954 fieri

231 1994 350 2077 poterit
376 1992 583 2057 festinatione
607 1992 780 2055 remittam.
826 1991 898 2074 Ego
928 1999 1038 2055 autem
1068 1993 1186 2056 librum

232 2096 325 2158 illum
354 2117 422 2158 non
451 2095 603 2173 videram,
626 2094 812 2177 priusquam
842 2095 922 2156 mihi
945 2101 1050 2158 vestro
1074 2096 1186 2159 fuisset

233 2197 414 2279 assignatus
431 2197 562 2279 judicio,
578 2197 709 2279 visoque
723 2197 859 2260 miratus
875 2219 947 2260 sum
962 2220 1027 2280 qua
1046 2199 1186 2281 primum

232 2299 272 2363 ab
303 2305 433 2362 auctore
456 2299 650 2362 confidentia
680 2298 795 2376 editus,
815 2307 871 2362 aut
894 2321 957 2382 quo
980 2300 1186 2383 postmodum

233 2401 273 2464 ab
289 2400 359 2464 aliis
374 2401 471 2463 fuerit
486 2401 592 2463 favore
607 2401 829 2485 transcriptus.
872 2401 989 2484 Neque
1005 2403 1093 2465 enim
1108 2402 1186 2466 mihi

234 2504 352 2586 dignus
378 2503 514 2581 videtur,
541 2503 631 2585 cujus
658 2503 763 2567 studio
783 2505 836 2567 vel
866 2505 1032 2587 scripturae
1058 2513 1187 2570 tantum

233 2615 362 2691 tempus
378 2607 502 2685 debeat,
520 2606 584 2670 sive
600 2628 714 2669 census
729 2607 881 2688 impendi,
898 2629 973 2671 cum
988 2614 1021 2671 ct
1036 2609 1186 2672 volumen

233 2712 371 2774 effusum
403 2710 454 2788 sit,
486 2718 518 2774 et
548 2710 589 2773 ad
618 2709 830 2792 intelligenda
859 2732 930 2792 quae
960 2712 1080 2794 scripta
1109 2717 1184 2775 sunt

233 2815 361 2896 singula
382 2815 494 2877 multis
513 2820 546 2876 et
566 2813 705 2877 taediosis
727 2820 872 2895 oporteat
892 2813 1119 2878 iterationibus
1138 2835 1185 2878 re-

233 2917 353 2999 plicari.
399 2914 510 2978 Prima
535 2915 692 2997 siquidem
714 2915 795 2978 facie
818 2915 954 2979 difficilis
977 2923 1010 2980 et
1032 2917 1185 2980 obscurus

232 3017 364 3094 incedit,
389 3026 421 3080 et
448 3038 522 3079 cum
547 3038 657 3079 rerum
683 3017 903 3082 difficultatem
930 3019 1023 3082 stilus
1052 3020 1186 3084 lucidior

236 3121 351 3183 debeat
372 3119 502 3201 aperire,
518 3118 766 3200 intelligentiam
786 3122 893 3204 potius
915 3144 1019 3186 sermo
1040 3124 1186 3187 tenebro-

236 3243 290 3284 sus
308 3220 470 3283 obtundit.
517 3221 664 3303 Cumque
686 3224 827 3288 multum
853 3225 971 3288 habeat
997 3227 1116 3290 laboris
1139 3225 1186 3290 in·

235 3323 364 3408 spectio,
389 3324 470 3386 nihil
496 3324 595 3388 habet
625 3327 782 3389 assecutio
815 3328 997 3409 voluptatis,
1025 3328 1101 3412 quia
1129 3349 1187 3392 nec

235 3426 436 3491 absolutione
462 3427 623 3490 sententia
652 3429 837 3510 complacet,
862 3450 922 3492 nec
947 3429 1050 3494 oratio
1074 3451 1187 3493 venus-

234 3537 312 3594 tate.
360 3531 494 3592 Summa
518 3530 604 3592 enim
627 3531 696 3613 ejus
717 3530 857 3596 intentio
880 3538 938 3609 est,
966 3532 1060 3596 aliter
1082 3532 1189 3596 omnia

236 3633 351 3696 dixisse
376 3654 472 3714 quam
495 3633 612 3710 caeteri,
643 3633 779 3716 ideoque
802 3640 909 3698 totum
940 3635 1026 3717 quod
1047 3635 1189 3718 loquitur

236 3735 394 3817 exquisita
411 3735 548 3816 quadam
571 3737 776 3800 intricatione
799 3739 969 3821 complicat
989 3746 1022 3803 et
1043 3739 1189 3816 innodat,

236 3845 274 3900 ut
288 3836 407 3900 rectius
422 3836 581 3900 Innodius
598 3860 694 3919 quam
708 3839 877 3903 Ennodius
897 3840 1012 3903 debeat
1028 3840 1188 3924 appellari.

237 3941 338 4005 Porro
353 3941 388 4002 in
410 3939 549 4002 metricis
569 3941 725 4022 producta
742 3942 875 4021 breviat,
892 3965 1012 4026 suaque
1030 3943 1190 4008 nihilomt

238 4064 300 4105 nus
324 4041 513 4105 auctoritate
534 4041 707 4105 brevianda
726 4045 884 4126 producit,
903 4046 1056 4128 nullaque
1076 4048 1190 4111 vitium

239 4144 387 4208 falsitatis
417 4144 535 4207 virtute
564 4145 741 4224 redimitur,
773 4147 846 4229 quia
868 4148 974 4231 ipsum
995 4171 1055 4213 nec
1086 4151 1192 4216 cultus
