2834 4920
553 923 612 986 IV.
636 923 877 988 EPISTOLAE.
967 999 973 1006 ⁷

320 1095 349 1155 1.
373 1093 523 1174 Proesctio
539 1094 582 1156 cd
594 1094 759 1186 AEpidicm
772 1094 954 1157 Archidicc.
970 1096 1113 1158 Rotbom.

282 1262 478 1341 Errsronas,
495 1285 564 1346 quae
586 1263 757 1346 aliquando
778 1262 907 1326 diversis
928 1285 947 1326 a
966 1285 1019 1328 me
1039 1271 1117 1328 sunt
1137 1265 1192 1330 de·

239 1364 367 1429 stinatae
380 1366 533 1448 personis,
549 1365 584 1429 in
603 1366 748 1430 libellum
762 1365 873 1448 redigi,
893 1372 1014 1448 tuoque
1035 1366 1192 1432 desiderio

237 1469 381 1550 postulas
401 1468 553 1532 exhiberi.
590 1468 829 1551 Acquievissem
848 1468 1011 1547 libentius,
1028 1470 1055 1532 si
1075 1470 1189 1534 scirem

239 1572 325 1654 quod
340 1592 392 1635 eas
408 1593 492 1635 esses
507 1571 598 1654 quasi
612 1570 767 1634 furtivum
782 1571 903 1653 aliquid
916 1571 1097 1651 habiturus,
1115 1575 1190 1656 quia

237 1674 273 1736 in
291 1676 397 1739 lucem
419 1674 545 1757 prodire
565 1673 700 1757 propriae
722 1673 970 1756 imperfectionis
993 1676 1189 1739 conscientia

237 1798 302 1841 non
318 1785 528 1861 praesumunt.
566 1778 677 1840 Timeo
693 1777 780 1839 enim
796 1775 823 1838 si
838 1775 973 1858 publicis
989 1784 1189 1859 exponentur

237 1882 428 1965 aspectibus,
437 1902 479 1943 ne
493 1881 645 1945 lectorem
657 1879 777 1962 jejunae
787 1878 904 1941 macies
920 1878 1073 1942 orationis
1088 1881 1187 1944 offen-

236 1983 302 2061 dat,
325 1985 467 2067 mihique
497 1983 538 2046 ad
556 1982 747 2066 jactantiam
767 1987 937 2064 reputetur
958 1979 1066 2059 editio,
1091 2003 1187 2065 quam

235 2093 347 2150 tamen
368 2109 436 2150 non
455 2087 557 2149 fastus
577 2083 800 2149 ostentationis
821 2084 940 2162 elicuit,
957 2084 1013 2147 sed
1032 2084 1187 2150 instantia

235 2195 301 2251 tuae
323 2189 464 2252 caritatis
487 2187 629 2250 extorsit.
675 2188 887 2251 Decreveram
907 2208 960 2250 eas
979 2187 1098 2250 futuris
1120 2209 1186 2252 non

235 2311 394 2354 reservare
423 2290 631 2374 temporibus,
658 2291 713 2353 sed
743 2290 833 2353 omni
860 2290 1008 2372 protinus
1039 2291 1186 2355 abdicare

234 2394 397 2471 memoria,
414 2394 489 2478 quia
508 2416 575 2458 non
596 2393 672 2457 satis
693 2393 733 2456 de
753 2394 844 2457 cultu
864 2393 1028 2471 sermonis,
1044 2395 1095 2457 vel
1115 2416 1185 2458 sen·

234 2497 409 2561 tentiarunr
424 2496 539 2581 peritia
554 2496 763 2561 confidebam.
808 2496 944 2559 Mallem
960 2496 1117 2579 siquidem
1133 2519 1185 2562 eas

233 2600 375 2666 tenebris
399 2602 568 2666 damnasse
590 2599 796 2685 perennibus,
817 2622 914 2682 quam
937 2599 1064 2663 ridendi
1084 2608 1184 2665 mate-

232 2706 314 2769 riam
328 2705 455 2771 invidiae
469 2705 664 2790 praestitisse,
681 2725 752 2787 quae
766 2724 804 2767 co
824 2702 967 2766 securius
986 2703 1091 2766 aliena
1109 2703 1183 2768 sub-

232 2816 358 2888 sannat,
375 2811 450 2893 quia
472 2831 540 2892 sua⁸
552 2808 648 2872 simili
670 2806 810 2890 periculo
833 2826 899 2868 non
919 2806 1060 2889 cxponit.
1105 2807 1183 2871 Non

232 2914 320 2978 enim
342 2914 450 2978 caeteri
471 2934 530 2976 nos
552 2913 602 2974 vel
623 2920 734 2974 nostra
755 2909 821 2973 tuis
844 2909 943 2973 oculis
966 2909 1146 2990 intuentur,
1165 2932 1184 2974 a

233 3039 296 3100 quo
312 3019 338 3080 si
354 3017 431 3100 quid
450 3017 486 3079 in
505 3016 598 3079 nobis
618 3016 741 3079 bonum
761 3022 819 3095 est,
836 3007 1062 3098 magnificatur
1077 3023 1182 3081 atten-

231 3119 307 3197 tius,
323 3127 355 3182 et
370 3117 603 3201 imperfectioni
617 3119 710 3182 venia
724 3118 825 3183 facilis
840 3118 1038 3200 indulgetur.
1069 3119 1182 3183 Animi

231 3221 389 3304 siquidem
404 3242 524 3299 eorum,
542 3243 622 3306 quos
642 3220 707 3284 odii
727 3221 789 3285 sibi
803 3222 853 3284 vel
867 3221 993 3285 invidiae
1008 3221 1182 3286 vindicavit

230 3325 366 3402 affectio,
382 3325 464 3388 sicut
481 3323 716 3408 benignitatem
730 3324 942 3407 indulgentiae
956 3323 1124 3404 nesciunt,
1137 3325 1182 3390 sic

228 3428 361 3492 rationis
378 3427 536 3512 judicium
555 3450 623 3493 non
643 3428 819 3511 attingunt,
837 3428 893 3490 sed
912 3427 1021 3491 omnia
1040 3428 1180 3491 metiun-

228 3538 284 3595 tur
299 3532 475 3609 affectibus,
492 3532 574 3595 nihil
596 3553 654 3595 sua
673 3531 862 3596 meritorum
885 3531 1096 3594 aestimatione
1112 3539 1180 3595 tax-

228 3641 330 3698 antes.
375 3636 445 3717 Ego
462 3634 572 3718 itaque
588 3636 746 3699 voluntati
765 3641 830 3699 tuae
851 3634 960 3698 deesse
980 3655 1047 3698 non
1068 3635 1178 3713 audeo,

227 3759 269 3800 ne
289 3738 371 3801 forte
386 3738 612 3801 verecundiam
631 3737 863 3820 negligentiam
883 3743 987 3820 putes,
1004 3737 1079 3820 quia
1096 3737 1180 3801 siout

228 3840 359 3904 alternis
375 3840 516 3904 amicitia
536 3841 727 3904 convalescit
748 3840 916 3923 obsequiis,
933 3840 977 3903 sic
993 3839 1179 3903 alterutrius

226 3945 351 4009 incuria
375 3943 567 4027 procedente
593 3945 729 4008 laxatur.
777 3945 910 4008 Summo
935 3943 1044 4026 itaque
1071 3942 1179 4006 studio

226 4048 417 4132 congregavi
439 4068 517 4129 quas
539 4048 640 4129 potui,
664 4048 740 4130 quia
760 4047 851 4110 nulla
880 4068 991 4110 earum
1013 4045 1100 4129 apud
1125 4065 1178 4108 me
1229 4079 1240 4101 ·

226 4153 418 4236 exemplaria
439 4150 631 4230 residebant,
656 4151 712 4216 sed
738 4150 778 4215 ab
807 4150 868 4231 his,
891 4173 910 4214 a
933 4148 1048 4234 quibus
1071 4149 1178 4232 aliquo
