2834 4920
246 482 267 543 6
575 496 727 540 aarum
744 494 866 538 nnxov.

250 638 271 680 a
284 612 377 678 nobis
393 611 492 695 aliqui
507 610 562 693 qui
581 609 748 674 nobiscum
768 615 871 687 erant,
887 607 943 671 sed
964 607 1003 671 de
1023 607 1116 671 nobis
1136 628 1205 672 non

252 722 355 793 erant,
370 735 438 778 non
460 719 509 777 est
532 712 629 776 scissa
649 719 761 776 tamen
782 711 899 775 veritas
920 710 1056 773 unitatis
1073 717 1206 794 propter

253 839 317 897 eos,
334 838 413 901 quos
429 815 585 899 separavit
601 837 620 879 a
633 813 727 878 nohis
741 813 877 898 propriae
890 812 1014 877 malitia
1027 812 1203 895 pravitatis·

251 922 295 986 Et
309 921 385 984 licet
400 919 423 982 ii
439 940 518 1002 quos
534 917 673 981 diximus
694 916 827 999 tyranni
845 923 1005 980 terrarum
1021 915 1106 979 circa
1122 921 1206 980 tem·

253 1023 375 1108 poralia
388 1023 484 1100 bona,
500 1028 533 1087 et
548 1021 617 1104 ipsa
632 1020 729 1084 etiam
751 1041 883 1104 corpora
897 1025 1008 1084 nostra
1023 1018 1206 1097 desaeviant,

251 1133 291 1190 ut
308 1126 405 1190 edant
420 1145 533 1189 earnes
553 1131 689 1202 nostras,
704 1122 912 1187 infirmantur
932 1128 965 1186 et
986 1122 1116 1187 cadunt.
1161 1121 1207 1183 Et

256 1229 283 1292 si
298 1229 382 1292 circa
396 1227 591 1311 diripiendas
610 1226 742 1290 inutiles
763 1225 902 1289 sarcinas
922 1230 1130 1307 occupantur,
1146 1223 1209 1286 Ec·

255 1331 351 1396 alesia
372 1339 483 1393 tamen
498 1329 562 1392 Dei
583 1327 794 1391 nihilominus
816 1347 888 1410 quae
910 1325 1108 1411 disponenda
1130 1331 1209 1388 sunt

254 1433 357 1497 libera
378 1436 537 1514 potestate
560 1429 719 1512 disponit;
756 1428 856 1493 immo
879 1429 977 1492 etiam
998 1428 1093 1510 ipsos,
1117 1427 1217 1511 quasi

257 1555 361 1598 servos
376 1553 527 1614 nequam,
544 1531 702 1614 spirituali
722 1537 881 1613 potestate
899 1531 1039 1595 retrudit
1053 1530 1089 1594 in
1105 1550 1210 1593 carce-

258 1657 337 1714 rem,
353 1635 411 1698 ubi
426 1655 479 1698 eos
499 1633 662 1713 nimirum,
679 1633 770 1718 quasi
785 1634 991 1716 compedibus
1007 1633 1211 1716 quibusdam,

258 1739 385 1802 vinculo
401 1736 625 1816 anathematis,
641 1741 674 1800 et
695 1737 864 1820 opprobrio
883 1742 1046 1819 perpetuae
1060 1734 1211 1799 maledic-

258 1841 357 1906 tionis
373 1839 532 1922 astringit.
571 1839 613 1903 In
629 1859 692 1922 quo
708 1838 806 1903 etiam
820 1838 982 1902 laudabile
996 1837 1123 1902 videtur
1138 1857 1212 1921 ope·

259 1943 324 2008 rari
345 1943 447 2007 virtus
470 1942 578 2028 divina
594 1941 797 2020 miraculum,
813 1941 891 2005 dum
912 1941 1007 2005 nobis
1028 1941 1065 2004 in
1085 1940 1214 2004 unitate

258 2052 370 2110 nostra
385 2050 418 2108 et
432 2043 582 2108 libertate
598 2043 800 2126 degentibus,
812 2043 874 2127 ipsi
889 2065 923 2108 se
938 2043 1021 2107 solos
1033 2042 1073 2107 ab
1084 2044 1213 2106 unitate

260 2146 416 2211 catholica
432 2150 591 2228 separant,
605 2152 638 2208 et
654 2145 851 2209 detestandae
866 2145 1044 2230 subjiciunt
1055 2145 1212 2210 servituti.
1243 2182 1248 2189 ·

259 2248 330 2313 Nos
353 2254 474 2325 tamen,
497 2246 653 2311 carissimi
678 2246 793 2312 fratres
816 2253 849 2313 et
871 2247 1003 2327 domini,
1027 2269 1094 2312 non
1117 2246 1213 2312 debe-

259 2370 332 2414 mus
354 2348 478 2412 malum
499 2369 558 2431 pro
579 2349 665 2413 malo
686 2348 829 2428 reddere,
844 2371 949 2435 neque
969 2349 1055 2414 vinci
1077 2371 1096 2413 a
1117 2351 1213 2428 malo,

261 2453 318 2518 sed
332 2452 459 2516 vincere
473 2453 509 2516 in
523 2452 610 2517 hono
625 2453 766 2518 malum:
791 2459 824 2517 et
838 2453 910 2518 ideo
925 2454 966 2517 ad
980 2454 1216 2519 revocationem

264 2576 377 2621 eorum
392 2554 448 2639 qui
469 2553 545 2619 foris
568 2562 646 2619 sunt
668 2575 794 2619 summa
815 2555 972 2620 charitate
995 2555 1149 2624 debemus
1165 2557 1216 2620 in·

263 2658 408 2736 tendere,
423 2662 462 2721 ut
476 2656 539 2741 ipsi
552 2657 673 2721 unitati
687 2664 805 2722 nostrae
820 2657 954 2741 possint,
966 2658 1107 2723 Domino
1122 2659 1217 2724 mise·

262 2768 368 2841 rante,
381 2760 539 2838 connecti,
552 2766 711 2844 quatenus
726 2760 750 2823 ii
765 2760 820 2844 qui
832 2759 975 2843 quietem
985 2761 1219 2827 Ecclesiasticus

264 2863 423 2928 libertatis
444 2863 649 2944 impugnant,
670 2862 801 2926 meliore
823 2861 913 2925 ducti
934 2863 1068 2928 consilio
1088 2863 1216 2948 resipis-

264 2970 350 3042 cant,
363 2969 396 3026 ct
410 2969 478 3026 tam
494 2962 535 3026 de
549 2962 750 3027 revocatione
765 2982 876 3027 eorum
888 2985 985 3047 quam
999 2965 1135 3029 istorum
1150 2986 1217 3049 poe·
1288 2988 1290 2992 ·

262 3064 403 3129 nitentia
433 3068 554 3128 creseat
583 3064 777 3129 foecunditas
801 3065 946 3146 unitatis,
970 3074 1003 3131 et
1027 3067 1219 3134 inconcussa

266 3173 411 3232 servetur
426 3165 645 3232 desiderandae
659 3168 876 3251 tranquillitas
889 3169 1057 3236 libertatis.
1088 3171 1142 3235 Ad
1155 3171 1218 3237 hoe

267 3271 387 3336 scilicet
414 3292 544 3337 omnem
569 3293 629 3337 nos
655 3273 805 3338 convenit
831 3273 1032 3357 diligentiam
1056 3274 1218 3354 adhibere,

266 3395 397 3449 omnem
410 3381 542 3458 propter
555 3374 618 3439 hoc
633 3375 791 3440 sustinere
802 3376 1012 3455 vexationem,
1025 3397 1121 3441 omne
1134 3377 1218 3460 peri-

265 3476 374 3541 culum
391 3476 535 3560 experiri.
582 3478 655 3542 Hoc
675 3478 763 3542 enim
782 3478 917 3562 speciale
937 3478 1082 3543 debitum
1099 3486 1220 3544 nostrae

266 3578 471 3662 professionis
486 3584 555 3643 est:
578 3580 729 3664 Episcopi
744 3567 865 3645 sumus.
895 3581 949 3645 Ad
962 3581 1024 3646 hoc
1039 3603 1218 3647 sacramen-

265 3681 309 3745 tis
324 3681 556 3745 Ecclesiasticis
568 3683 760 3748 sanctificari
770 3684 928 3764 volumus,
939 3683 1035 3749 ditari
1044 3684 1218 3766 beneficiis,

264 3783 441 3847 honoribus
455 3784 620 3848 illustrari.
666 3786 716 3849 Ex
736 3806 774 3850 ea
793 3785 891 3850 etiam
913 3808 1009 3851 causa
1027 3786 1080 3851 hic
1099 3788 1219 3871 primas

265 3884 450 3950 obtinemus
464 3885 500 3948 in
515 3886 659 3952 Concilio
674 3888 853 3968 cathedras,
868 3889 988 3971 primos
1002 3890 1039 3954 in
1052 3888 1154 3956 coenis
1168 3913 1218 3956 re-

266 3987 403 4067 cubitus,
414 3988 624 4053 salutationes
638 3990 675 4053 in
688 3991 767 4055 foro.
791 3991 841 4054 Ex
853 3992 965 4058 eadem
977 4014 1073 4058 eausa
1087 3994 1220 4078 populo·

264 4111 339 4156 rum
367 4090 461 4157 nobis
490 4090 716 4157 multitudines
745 4092 954 4175 inclinantur,
971 4082 1021 4161 'ut
1051 4096 1091 4160 de
1120 4117 1220 4162 manu
