2834 4920
232 491 274 551 10
564 508 716 551 aarum
734 508 854 551 naxov.

231 625 378 689 Christus
392 625 492 708 ipsius
512 632 733 707 propugnator
748 626 790 688 sit
811 624 852 688 ad
872 624 1071 688 salvandum.
1118 625 1186 692 Qui

228 728 306 791 vivit
330 736 363 791 et
387 734 502 810 regnat
526 749 601 790 cum
625 729 723 791 Patre
747 734 780 791 et
806 727 928 811 Spiritu
953 727 1074 792 Sancto
1094 727 1185 792 Deus

229 850 286 912 per
301 831 426 909 sarcula,
443 831 561 893 Amen.

447 1146 495 1210 II.
521 1143 680 1209 SERMO
702 1145 763 1210 DE
787 1146 961 1209 EODEM.

272 1330 458 1411 Hnsrnmro
484 1368 639 1425 sermone,
667 1346 800 1410 Domini
826 1354 859 1411 et
884 1355 992 1430 patres
1016 1347 1181 1428 carissimi,

228 1451 393 1514 vobiscum
416 1451 456 1514 de
478 1450 605 1513 unitate
627 1450 767 1514 ecclesiae
789 1450 851 1514 Dei
874 1458 907 1514 et
926 1451 1077 1515 libertate
1097 1458 1182 1515 trac-

228 1559 336 1615 tatum
354 1552 528 1615 habuimus
550 1551 591 1614 ad
610 1551 644 1614 id
659 1553 748 1615 omni
768 1552 874 1615 studio
893 1553 1113 1636 principaliter
1130 1552 1181 1615 in-

230 1653 401 1716 tendentes
425 1659 463 1716 ut
484 1652 571 1716 bona
591 1660 624 1716 et
643 1660 755 1717 sancta
773 1655 923 1718 voluntas
945 1663 1052 1719 vestra
1081 1655 1182 1718 divini

229 1757 385 1820 sermonis
398 1756 619 1820 exhortatione
633 1756 720 1821 inter
735 1757 866 1821 adversa
880 1759 1034 1822 reddatur
1049 1758 1182 1822 alacrior

230 1858 318 1923 etde
336 1860 502 1942 agnitione
517 1858 633 1923 divinae
650 1859 858 1942 protectionis
876 1868 909 1924 et
931 1861 1043 1941 gratiae
1060 1860 1181 1923 insolu-

227 1960 301 2024 bilis
322 1968 441 2025 nostrae
459 1961 596 2025 invicem
614 1960 827 2024 fraternitatis
849 1960 1037 2043 proficiendi
1057 1981 1182 2043 semper

228 2063 263 2126 in
277 2064 391 2126 melius
402 2063 520 2126 fiducia
529 2063 736 2126 convalescat.
761 2063 889 2125 Fratres
902 2062 1059 2146 siquidem
1069 2084 1181 2126 sumus

228 2185 265 2227 ex
283 2165 394 2227 eodem
413 2171 506 2247 patre
521 2164 659 2243 Christo,
676 2171 709 2227 et
727 2185 766 2228 ex
781 2164 893 2228 eadem
908 2172 1011 2228 matre
1026 2165 1180 2243 Ecclesia,

227 2287 285 2349 per
308 2266 586 2348 regenerationem
612 2288 702 2348 aquae
728 2274 761 2330 et
791 2266 922 2350 spiritus
952 2267 992 2330 de
1021 2267 1095 2330 filiis
1124 2266 1180 2331 irae

226 2368 377 2431 translati
390 2368 426 2430 in
441 2367 647 2450 adoptionem
662 2368 771 2450 gloriae
785 2369 925 2431 filiorum
940 2368 1013 2432 Dei.
1049 2369 1180 2432 Bonum

225 2471 336 2554 itaque
360 2476 418 2548 est,
441 2469 517 2552 quia
545 2470 642 2533 utile:
662 2470 851 2552 jocundum,
876 2471 950 2552 quia
972 2470 1178 2536 delectabile:

227 2595 286 2638 nos
301 2575 362 2638 hac
382 2574 540 2657 spirituali
556 2574 760 2638 fraternitate
782 2575 982 2658 conjunctos,
998 2575 1034 2638 in
1052 2575 1180 2638 unitate

227 2678 410 2756 consistere,
439 2684 479 2740 ut
508 2675 549 2741 sit
580 2675 700 2740 scilicet
725 2675 829 2754 nobis,
856 2675 939 2739 sicut
962 2675 998 2737 in
1019 2675 1181 2757 primitiva

226 2781 379 2860 Ecclesia,
394 2780 598 2845 multitudini
613 2780 815 2844 credentium
830 2799 884 2843 cor
903 2799 1008 2841 unum
1023 2783 1056 2841 et
1071 2778 1180 2843 anima

226 2905 303 2948 una.
350 2884 400 2946 Sit
413 2884 450 2945 in
469 2882 562 2945 nobis
576 2903 662 2945 unus
685 2882 823 2966 spiritus,
839 2902 906 2944 una
925 2880 1014 2944 fides.
1060 2879 1179 2945 Unitas

228 2987 316 3051 enim
337 2985 414 3049 fidei
433 2985 636 3049 concordiam
658 2985 752 3067 parit.
799 2983 979 3048 Concordia
1001 2989 1106 3045 mater
1130 2988 1179 3047 est

226 3090 372 3155 unitatis.
418 3088 536 3152 Unitas
557 3110 633 3152 vero
654 3089 730 3152 fidei
753 3089 869 3152 tribuit
890 3089 1083 3152 libertatem.
1128 3087 1179 3151 Ex

226 3193 290 3257 fide
306 3190 464 3276 siquidem
477 3192 543 3254 vita
557 3191 651 3254 nobis
666 3198 698 3255 et
712 3192 845 3256 victoria
860 3198 918 3254 est.
949 3190 970 3252 J
971 3196 1065 3252 ustus
1079 3189 1178 3268 enim,

227 3296 343 3378 inquit,
359 3315 450 3357 meus
472 3315 512 3356 ex
529 3293 592 3357 fide
614 3294 700 3358 vivit.
744 3295 789 3358 Et
803 3295 872 3358 haec
891 3297 940 3356 est
959 3292 1091 3355 victoria
1107 3313 1178 3374 quae

226 3397 326 3461 vincit
354 3396 524 3475 mundum,
554 3396 634 3460 fides
664 3403 783 3462 nostra.
831 3395 896 3459 Sed
925 3402 958 3458 et
988 3394 1092 3458 sancti
1120 3414 1178 3477 per

226 3499 324 3563 fidem
346 3499 492 3563 vicerunt
521 3521 641 3581 regna:
678 3521 817 3583 regnum
848 3498 1008 3575 Sathanae,
1039 3517 1178 3578 regnum

226 3601 351 3680 mundi,
380 3623 518 3683 regnum
548 3602 711 3666 coelorum.
770 3603 814 3666 Et
844 3601 884 3664 de
916 3621 1017 3682 regno
1047 3598 1177 3682 quidem

226 3706 342 3768 mundi
357 3712 389 3768 et
403 3726 504 3787 regno
517 3706 670 3770 Sathanae
684 3705 901 3770 manifestius:
925 3705 982 3769 sed
996 3710 1029 3768 et
1040 3724 1178 3787 regnum

227 3809 380 3873 coelorum
399 3808 464 3873 vim
481 3809 613 3893 patitur,
632 3817 665 3872 et
686 3810 818 3873 violenti
835 3809 966 3892 rapiunt
988 3807 1078 3870 illud.
1124 3806 1179 3871 Ita

227 3912 336 3975 omnia
353 3932 453 3993 regna
467 3912 575 3974 unitas
595 3911 680 3989 fidei,
697 3917 729 3975 et
751 3912 830 3975 fides
845 3912 980 3975 unitatis
1003 3913 1176 3993 expugnat.

227 4015 315 4079 Totis
334 4015 443 4097 itaque
463 4012 577 4076 studiis
599 4012 751 4076 debemus
770 4012 928 4093 insistere,
945 4019 978 4077 et
998 4013 1079 4076 alter
1099 4010 1177 4073 alte-

227 4139 300 4181 rum
318 4116 487 4195 cohortari,
503 4121 541 4180 ut
564 4122 685 4181 stemus
708 4115 822 4194 simul,
846 4115 921 4199 quia
943 4116 971 4181 si
993 4113 1177 4181 steterimus
