2834 4920
226 553 289 613 130
559 561 709 606 annueri
726 561 848 603 aaron.

301 738 353 800 25.
377 735 432 796 Ad
444 731 613 794 Hearicum
629 729 782 790 Pisanum
797 727 949 808 Legatum
963 726 1112 788 Romana

631 830 788 894 Ecclesia.

272 993 352 1055 Post
390 989 565 1052 discessum
600 992 744 1049 vestrum
776 984 1001 1067 importunum
1037 983 1182 1048 tertianae

228 1101 343 1179 quater
364 1114 476 1176 passus
495 1111 667 1166 accessum,
683 1087 817 1150 tandem
836 1086 876 1150 ad
898 1087 1068 1150 medicinae
1087 1109 1185 1150 reme·

229 1199 318 1260 dium
350 1197 489 1258 salutare
524 1192 665 1274 confugi,
697 1190 784 1273 quod
813 1197 924 1253 tamen
953 1191 1052 1273 paulo
1081 1190 1187 1253 minus

229 1301 311 1363 mihi
342 1299 516 1361 molestum
546 1294 663 1371 extitit,
686 1315 782 1384 quam
805 1293 916 1356 caloris
939 1293 1188 1375 intemperantia

230 1425 302 1487 quae
332 1402 505 1486 praecessit.
567 1398 702 1461 Habent
732 1397 819 1460 enim
848 1397 1017 1460 medicinae
1047 1397 1188 1468 remedia

231 1506 339 1570 nescio
362 1503 440 1588 quid
463 1501 686 1565 abominandae
708 1499 920 1590 malignitatis
943 1500 1137 1577 admixtum,
1157 1507 1188 1565 et

232 1631 274 1673 ne
290 1609 389 1691 gratis
401 1607 568 1672 conferant
578 1626 674 1668 omne
688 1604 891 1680 beneficium,
903 1624 1030 1685 semper
1039 1604 1189 1686 adjuncto

209 1785 211 1791 Ι
232 1713 389 1776 maleficio
404 1715 658 1792 recompensant,
675 1714 712 1770 nt
733 1707 830 1770 etiam
846 1728 920 1769 cum
935 1706 1127 1789 profuerint,
1142 1706 1188 1768 in-

234 1811 362 1894 dignius
377 1809 582 1873 ulciscantur.
622 1808 778 1870 Convalui
795 1814 916 1885 tamen,
932 1815 965 1870 et
979 1829 1037 1890 per
1053 1807 1189 1889 gratiam

235 1915 297 1978 Dei
313 1921 345 1977 et
365 1914 481 1976 merita
499 1918 614 1988 vestra,
628 1910 770 1993 jocunda
784 1910 864 1972 mihi
880 1931 951 1993 spes
969 1917 1090 1992 optatae
1106 1911 1188 1973 sani-

235 2018 311 2080 tatis
334 2016 463 2093 arridet,
487 2022 680 2097 portumque
703 2013 815 2075 salutis
837 2019 949 2076 nostra
970 2012 1114 2075 creditur
1136 2034 1189 2076 an-

236 2119 334 2182 chora
363 2118 537 2181 continere.
589 2116 718 2198 Aliquae
747 2123 857 2178 tamen
888 2115 992 2178 adhuc
1022 2116 1191 2198 praeteritae

235 2221 390 2303 passionis
415 2219 570 2281 inhaesere
597 2218 748 2301 reliquiae,
776 2219 903 2296 macies,
931 2226 964 2281 et
991 2218 1190 2299 aegritudinis

237 2329 375 2402 cognata
397 2322 555 2399 debilitas,
582 2323 737 2387 delicatus
758 2323 929 2406 appetitus,
948 2323 1040 2406 cujus
1066 2322 1192 2386 fastidio

236 2424 327 2486 nulla
344 2425 444 2506 copia,
466 2425 556 2487 nulla
577 2426 760 2489 satisfacere
780 2425 1065 2508 potest'industria
1083 2425 1191 2488 minis·

236 2535 372 2591 trorum.
420 2527 472 2590 Ad
493 2528 664 2591 recidivam
687 2529 830 2592 medicus
853 2536 999 2611 paratam
1021 2528 1100 2591 dicit
1126 2548 1192 2591 esse

238 2632 417 2709 materiam,
442 2631 576 2715 ideoque
606 2631 749 2694 studium
779 2633 953 2695 subtilioris
984 2632 1191 2696 observantie

239 2735 442 2816 scrupulosus
462 2735 609 2817 imponit,
625 2735 791 2817 ruptisque
811 2735 904 2797 labiis
919 2741 952 2798 et
967 2734 1081 2817 lingua
1094 2734 1191 2818 palpi-

238 2845 331 2900 tante
350 2845 444 2901 tanta
465 2846 578 2921 potum
598 2837 714 2901 tribuit
734 2838 899 2920 parcitate,
919 2844 957 2900 ut
977 2838 1064 2900 sitim
1087 2837 1190 2921 potius

239 2938 375 3016 irritare,
408 2961 504 3021 quam
537 2961 737 3022 compescere
771 2941 852 3002 velle
888 2939 1049 3002 credatur.
1110 2938 1192 3003 Illud

240 3041 328 3103 enim
352 3041 522 3102 hominum
553 3063 655 3122 genus
686 3042 825 3125 quadam
855 3042 1044 3106 austeritate
1068 3061 1191 3125 semper

240 3141 376 3204 notabili
391 3142 453 3204 arti
473 3164 538 3205 suae
556 3145 777 3223 reverentiam,
794 3146 861 3207 sola
881 3144 1058 3208 severitatis
1073 3145 1192 3208 exhibi-

240 3243 330 3306 tione
360 3244 529 3325 conquirit,
555 3252 588 3309 et
612 3246 701 3328 quasi
724 3247 765 3309 de
794 3247 996 3329 benignitate
1020 3247 1193 3324 vilesceret,

240 3344 377 3408 infamat
397 3347 507 3409 omnia
527 3369 727 3430 quaecunque
744 3348 842 3412 miser
858 3349 1011 3432 patientis
1037 3350 1194 3433 appetitus

243 3449 394 3530 exposcit.
441 3450 587 3528 Utinam,
605 3451 691 3533 quod
711 3452 750 3514 ad
773 3452 922 3515 victualia
941 3452 1094 3534 pertinet,
1110 3452 1193 3516 idem

243 3550 336 3613 nobis
351 3574 427 3614 usus
443 3560 475 3615 et
495 3552 691 3616 abstinentia
705 3554 911 3636 praeberetur,
928 3562 966 3617 ut
986 3555 1194 3638 suspitionem

244 3654 492 3716 communicatio
518 3656 655 3733 tolleret,
679 3663 711 3718 et
731 3656 828 3719 fidem
846 3656 948 3745 pietas
971 3657 1195 3740 compassionis

244 3761 386 3836 augeret.
431 3756 485 3819 Ad
510 3757 579 3820 haec
608 3758 770 3822 defectum
799 3760 969 3842 imperitiae
998 3781 1065 3823 suae
1095 3761 1195 3843 culpae

245 3879 370 3940 semper
403 3861 589 3940 aegrotantis
625 3861 798 3940 ascribunt,
828 3869 867 3924 ut
904 3884 989 3944 aeger
1023 3870 1057 3925 et
1091 3863 1197 3927 inedia

242 3968 361 4043 pereat,
375 3968 407 4023 et
417 3961 586 4025 calumniae
596 3965 791 4027 contumelia
801 3966 969 4028 crucietur.
997 3966 1150 4049 Denique
1159 3964 1197 4030 ad

243 4063 397 4127 mercedis
420 4073 632 4146 augmentum
656 4067 861 4130 sententiosis
884 4069 1086 4132 sermonibus
1112 4069 1198 4132 ince-

243 4166 365 4245 dentes,
383 4168 518 4249 gratiam
541 4169 602 4232 sibi
620 4169 845 4234 misericordiae
865 4171 980 4236 divinae
998 4173 1199 4255 praeripiunt,
