<?xml version="1.0" encoding="UTF-8"?>
<!DOCTYPE html PUBLIC "-//W3C//DTD XHTML 1.0 Transitional//EN"
    "http://www.w3.org/TR/xhtml1/DTD/xhtml1-transitional.dtd">
<html xmlns="http://www.w3.org/1999/xhtml" xml:lang="en" lang="en">
 <head>
  <title>
</title>
<meta http-equiv="Content-Type" content="text/html;charset=utf-8" />
  <meta name='ocr-system' content='tesseract 3.04.00' />
  <meta name='ocr-capabilities' content='ocr_page ocr_carea ocr_par ocr_line ocrx_word'/>
</head>
<body>
  <div class='ocr_page' id='page_1' title='image "./arnulfilexovien00gilegoog_0061.png"; bbox 0 0 2834 4920; ppageno 0'>
   <div class='ocr_carea' id='block_1_1' title="bbox 280 530 900 593">
    <p class='ocr_par' dir='ltr' id='par_1_1' title="bbox 280 530 900 593">
     <span class='ocr_line' id='line_1_1' title="bbox 280 530 900 593; baseline -0.005 0"><span class='ocrx_word' id='word_1_1' title='bbox 280 530 323 593; x_wconf 87' lang='grc'>36</span> <span class='ocrx_word' id='word_1_2' title='bbox 612 546 761 591; x_wconf 73' lang='lat' dir='ltr'>canuam</span> <span class='ocrx_word' id='word_1_3' title='bbox 780 546 900 590; x_wconf 72' lang='lat' dir='ltr'>nuxov,</span> 
     </span>
    </p>
   </div>
   <div class='ocr_carea' id='block_1_2' title="bbox 284 664 1197 4056">
    <p class='ocr_par' dir='ltr' id='par_1_2' title="bbox 326 664 930 730">
     <span class='ocr_line' id='line_1_2' title="bbox 326 664 930 730; baseline 0 -2"><span class='ocrx_word' id='word_1_4' title='bbox 326 666 370 729; x_wconf 89' lang='lat' dir='ltr'>Et</span> <span class='ocrx_word' id='word_1_5' title='bbox 386 665 483 728; x_wconf 86' lang='lat' dir='ltr'>foetus</span> <span class='ocrx_word' id='word_1_6' title='bbox 499 664 611 728; x_wconf 87' lang='lat' dir='ltr'>eadem</span> <span class='ocrx_word' id='word_1_7' title='bbox 626 666 706 729; x_wconf 92' lang='lat' dir='ltr'>velle</span> <span class='ocrx_word' id='word_1_8' title='bbox 720 687 831 730; x_wconf 89' lang='lat' dir='ltr'>vorare</span> <span class='ocrx_word' id='word_1_9' title='bbox 846 687 930 729; x_wconf 90' lang='lat' dir='ltr'>suos.</span> 
     </span>
    </p>

    <p class='ocr_par' dir='ltr' id='par_1_3' title="bbox 284 768 1120 937">
     <span class='ocr_line' id='line_1_3' title="bbox 284 768 1120 852; baseline -0.004 -19"><span class='ocrx_word' id='word_1_10' title='bbox 284 771 326 833; x_wconf 90' lang='lat' dir='ltr'>In</span> <span class='ocrx_word' id='word_1_11' title='bbox 340 775 544 850; x_wconf 88' lang='lat' dir='ltr'>veteremque</span> <span class='ocrx_word' id='word_1_12' title='bbox 559 768 629 852; x_wconf 83' lang='lat' dir='ltr'>pari</span> <span class='ocrx_word' id='word_1_13' title='bbox 643 790 795 832; x_wconf 86' lang='lat' dir='ltr'>conversa</span> <span class='ocrx_word' id='word_1_14' title='bbox 809 770 916 833; x_wconf 88' lang='lat' dir='ltr'>furore</span> <span class='ocrx_word' id='word_1_15' title='bbox 930 768 1120 843; x_wconf 87' lang='lat' dir='ltr'>tumultum,</span> 
     </span>
     <span class='ocr_line' id='line_1_4' title="bbox 329 871 912 937; baseline 0.005 -3"><span class='ocrx_word' id='word_1_16' title='bbox 329 872 472 935; x_wconf 83' lang='lat' dir='ltr'>Invisum</span> <span class='ocrx_word' id='word_1_17' title='bbox 487 871 583 935; x_wconf 86' lang='lat' dir='ltr'>rebus</span> <span class='ocrx_word' id='word_1_18' title='bbox 599 872 774 936; x_wconf 88' lang='lat' dir='ltr'>accelerare</span> <span class='ocrx_word' id='word_1_19' title='bbox 788 894 912 937; x_wconf 87' lang='lat' dir='ltr'>necem.</span> 
     </span>
    </p>

    <p class='ocr_par' dir='ltr' id='par_1_4' title="bbox 285 975 1100 1157">
     <span class='ocr_line' id='line_1_5' title="bbox 285 975 1100 1065; baseline -0.004 -26"><span class='ocrx_word' id='word_1_20' title='bbox 285 977 474 1039; x_wconf 83' lang='lat' dir='ltr'><strong>Autumnus</strong></span> <span class='ocrx_word' id='word_1_21' title='bbox 490 975 595 1039; x_wconf 89' lang='lat' dir='ltr'>senior</span> <span class='ocrx_word' id='word_1_22' title='bbox 611 975 714 1057; x_wconf 83' lang='lat' dir='ltr'>gelide</span> <span class='ocrx_word' id='word_1_23' title='bbox 728 982 800 1058; x_wconf 87' lang='lat' dir='ltr'>post</span> <span class='ocrx_word' id='word_1_24' title='bbox 816 976 938 1065; x_wconf 86' lang='lat' dir='ltr'>credita</span> <span class='ocrx_word' id='word_1_25' title='bbox 952 981 1100 1059; x_wconf 89' lang='lat' dir='ltr'>spectans</span> 
     </span>
     <span class='ocr_line' id='line_1_6' title="bbox 331 1078 1024 1157; baseline 0 -17"><span class='ocrx_word' id='word_1_26' title='bbox 331 1078 472 1157; x_wconf 84' lang='lat' dir='ltr'>Semina,</span> <span class='ocrx_word' id='word_1_27' title='bbox 487 1078 665 1142; x_wconf 82' lang='lat' dir='ltr'>crediderat</span> <span class='ocrx_word' id='word_1_28' title='bbox 679 1078 785 1142; x_wconf 84' lang='lat' dir='ltr'>foenus</span> <span class='ocrx_word' id='word_1_29' title='bbox 801 1078 904 1142; x_wconf 91' lang='lat' dir='ltr'>obisse</span> <span class='ocrx_word' id='word_1_30' title='bbox 920 1100 1024 1143; x_wconf 88' lang='lat' dir='ltr'>suum.</span> 
     </span>
    </p>

    <p class='ocr_par' dir='ltr' id='par_1_5' title="bbox 285 1180 1104 1363">
     <span class='ocr_line' id='line_1_7' title="bbox 285 1180 1104 1264; baseline -0.002 -20"><span class='ocrx_word' id='word_1_31' title='bbox 285 1181 385 1244; x_wconf 89' lang='lat' dir='ltr'>Nunc</span> <span class='ocrx_word' id='word_1_32' title='bbox 400 1202 439 1245; x_wconf 89' lang='lat' dir='ltr'>ea</span> <span class='ocrx_word' id='word_1_33' title='bbox 453 1189 594 1245; x_wconf 88' lang='lat' dir='ltr'>secretus</span> <span class='ocrx_word' id='word_1_34' title='bbox 609 1187 715 1244; x_wconf 84' lang='lat' dir='ltr'>movet</span> <span class='ocrx_word' id='word_1_35' title='bbox 730 1181 815 1264; x_wconf 87' lang='lat' dir='ltr'>ignis</span> <span class='ocrx_word' id='word_1_36' title='bbox 831 1188 863 1245; x_wconf 87' lang='lat' dir='ltr'>et</span> <span class='ocrx_word' id='word_1_37' title='bbox 878 1182 988 1246; x_wconf 90' lang='lat' dir='ltr'>abdita</span> <span class='ocrx_word' id='word_1_38' title='bbox 1001 1180 1104 1244; x_wconf 82' lang='lat' dir='ltr'>virtus</span> 
     </span>
     <span class='ocr_line' id='line_1_8' title="bbox 329 1284 898 1363; baseline 0.002 -16"><span class='ocrx_word' id='word_1_39' title='bbox 329 1284 475 1363; x_wconf 87' lang='lat' dir='ltr'>Naturae,</span> <span class='ocrx_word' id='word_1_40' title='bbox 492 1285 595 1348; x_wconf 89' lang='lat' dir='ltr'>sancti</span> <span class='ocrx_word' id='word_1_41' title='bbox 611 1286 737 1348; x_wconf 90' lang='lat' dir='ltr'>conscia</span> <span class='ocrx_word' id='word_1_42' title='bbox 751 1284 875 1348; x_wconf 90' lang='lat' dir='ltr'>consilii</span> <span class='ocrx_word' id='word_1_43' title='bbox 891 1311 898 1349; x_wconf 91' lang='lat'>:</span> 
     </span>
    </p>

    <p class='ocr_par' dir='ltr' id='par_1_6' title="bbox 288 1386 1160 1574">
     <span class='ocr_line' id='line_1_9' title="bbox 288 1386 1160 1471; baseline -0.003 -21"><span class='ocrx_word' id='word_1_44' title='bbox 288 1387 535 1471; x_wconf 77' lang='lat' dir='ltr'>seminibusque</span> <span class='ocrx_word' id='word_1_45' title='bbox 551 1388 707 1451; x_wconf 91' lang='lat' dir='ltr'>adhibens</span> <span class='ocrx_word' id='word_1_46' title='bbox 723 1410 844 1466; x_wconf 83' lang='lat' dir='ltr'><strong>causas,</strong></span> <span class='ocrx_word' id='word_1_47' title='bbox 861 1394 893 1452; x_wconf 90' lang='lat' dir='ltr'>et</span> <span class='ocrx_word' id='word_1_48' title='bbox 908 1388 1032 1452; x_wconf 90' lang='lat' dir='ltr'>semina</span> <span class='ocrx_word' id='word_1_49' title='bbox 1046 1386 1160 1462; x_wconf 87' lang='lat' dir='ltr'>causis,</span> 
     </span>
     <span class='ocr_line' id='line_1_10' title="bbox 329 1490 973 1574; baseline 0.002 -20"><span class='ocrx_word' id='word_1_50' title='bbox 329 1490 382 1554; x_wconf 87' lang='lat' dir='ltr'>Ad</span> <span class='ocrx_word' id='word_1_51' title='bbox 397 1492 513 1555; x_wconf 83' lang='lat' dir='ltr'>celeste</span> <span class='ocrx_word' id='word_1_52' title='bbox 528 1513 624 1554; x_wconf 91' lang='lat' dir='ltr'>suum</span> <span class='ocrx_word' id='word_1_53' title='bbox 640 1491 734 1555; x_wconf 89' lang='lat' dir='ltr'>docta</span> <span class='ocrx_word' id='word_1_54' title='bbox 749 1493 867 1574; x_wconf 86' lang='lat' dir='ltr'>figurat</span> <span class='ocrx_word' id='word_1_55' title='bbox 883 1513 973 1574; x_wconf 86' lang='lat' dir='ltr'>opus.</span> 
     </span>
    </p>

    <p class='ocr_par' dir='ltr' id='par_1_7' title="bbox 287 1594 1074 1781">
     <span class='ocr_line' id='line_1_11' title="bbox 287 1594 1026 1678; baseline 0.003 -22"><span class='ocrx_word' id='word_1_56' title='bbox 287 1594 343 1658; x_wconf 87' lang='lat' dir='ltr'>Sol</span> <span class='ocrx_word' id='word_1_57' title='bbox 357 1594 463 1658; x_wconf 89' lang='lat' dir='ltr'>oriens</span> <span class='ocrx_word' id='word_1_58' title='bbox 477 1594 571 1658; x_wconf 86' lang='lat' dir='ltr'>hilari</span> <span class='ocrx_word' id='word_1_59' title='bbox 585 1594 767 1678; x_wconf 88' lang='lat' dir='ltr'>perlucidus</span> <span class='ocrx_word' id='word_1_60' title='bbox 783 1616 837 1658; x_wconf 90' lang='lat' dir='ltr'>ore</span> <span class='ocrx_word' id='word_1_61' title='bbox 852 1595 1026 1678; x_wconf 82' lang='lat' dir='ltr'>redemptis</span> 
     </span>
     <span class='ocr_line' id='line_1_12' title="bbox 330 1696 1074 1781; baseline 0 -20"><span class='ocrx_word' id='word_1_62' title='bbox 330 1696 477 1781; x_wconf 88' lang='lat' dir='ltr'>Ignibus,</span> <span class='ocrx_word' id='word_1_63' title='bbox 496 1699 661 1763; x_wconf 89' lang='lat' dir='ltr'>astrictam</span> <span class='ocrx_word' id='word_1_64' title='bbox 675 1698 794 1781; x_wconf 85' lang='lat' dir='ltr'>frigore</span> <span class='ocrx_word' id='word_1_65' title='bbox 810 1699 904 1762; x_wconf 90' lang='lat' dir='ltr'>solvit</span> <span class='ocrx_word' id='word_1_66' title='bbox 919 1700 1074 1762; x_wconf 91' lang='lat' dir='ltr'>humum:</span> 
     </span>
    </p>

    <p class='ocr_par' dir='ltr' id='par_1_8' title="bbox 285 1801 1069 1987">
     <span class='ocr_line' id='line_1_13' title="bbox 285 1801 1069 1885; baseline 0 -21"><span class='ocrx_word' id='word_1_67' title='bbox 285 1801 483 1885; x_wconf 71' lang='lat' dir='ltr'>Adriamque</span> <span class='ocrx_word' id='word_1_68' title='bbox 497 1823 581 1866; x_wconf 84' lang='lat' dir='ltr'>novo</span> <span class='ocrx_word' id='word_1_69' title='bbox 595 1802 709 1866; x_wconf 83' lang='lat' dir='ltr'>faciem</span> <span class='ocrx_word' id='word_1_70' title='bbox 725 1801 893 1884; x_wconf 87' lang='lat' dir='ltr'>splendore</span> <span class='ocrx_word' id='word_1_71' title='bbox 908 1823 1069 1879; x_wconf 84' lang='lat' dir='ltr'>serenans,</span> 
     </span>
     <span class='ocr_line' id='line_1_14' title="bbox 331 1905 1006 1987; baseline -0.001 -19"><span class='ocrx_word' id='word_1_72' title='bbox 331 1906 512 1987; x_wconf 88' lang='lat' dir='ltr'>Purgatum</span> <span class='ocrx_word' id='word_1_73' title='bbox 527 1905 683 1969; x_wconf 82' lang='lat' dir='ltr'>exhilarat</span> <span class='ocrx_word' id='word_1_74' title='bbox 698 1905 801 1968; x_wconf 90' lang='lat' dir='ltr'>lenior</span> <span class='ocrx_word' id='word_1_75' title='bbox 816 1927 894 1969; x_wconf 88' lang='lat' dir='ltr'>aura</span> <span class='ocrx_word' id='word_1_76' title='bbox 910 1905 1006 1969; x_wconf 91' lang='lat' dir='ltr'>diem.</span> 
     </span>
    </p>

    <p class='ocr_par' dir='ltr' id='par_1_9' title="bbox 288 2006 1175 2194">
     <span class='ocr_line' id='line_1_15' title="bbox 288 2006 1175 2091; baseline 0 -22"><span class='ocrx_word' id='word_1_77' title='bbox 288 2006 440 2090; x_wconf 91' lang='lat' dir='ltr'>Undique</span> <span class='ocrx_word' id='word_1_78' title='bbox 456 2008 605 2072; x_wconf 89' lang='lat' dir='ltr'>sollicitat</span> <span class='ocrx_word' id='word_1_79' title='bbox 616 2008 769 2091; x_wconf 83' lang='lat' dir='ltr'>juvenem</span> <span class='ocrx_word' id='word_1_80' title='bbox 783 2007 911 2070; x_wconf 86' lang='lat' dir='ltr'>lascivia</span> <span class='ocrx_word' id='word_1_81' title='bbox 926 2007 1096 2084; x_wconf 91' lang='lat' dir='ltr'>mundum,</span> <span class='ocrx_word' id='word_1_82' title='bbox 1168 2017 1175 2023; x_wconf 86' lang='lat'>&#39;</span> 
     </span>
     <span class='ocr_line' id='line_1_16' title="bbox 331 2111 1057 2194; baseline -0.001 -19"><span class='ocrx_word' id='word_1_83' title='bbox 331 2112 574 2194; x_wconf 87' lang='lat' dir='ltr'>Foecundosque</span> <span class='ocrx_word' id='word_1_84' title='bbox 591 2112 693 2194; x_wconf 89' lang='lat' dir='ltr'>aperit</span> <span class='ocrx_word' id='word_1_85' title='bbox 707 2111 842 2194; x_wconf 88' lang='lat' dir='ltr'>prodiga</span> <span class='ocrx_word' id='word_1_86' title='bbox 856 2118 943 2175; x_wconf 87' lang='lat' dir='ltr'>terra</span> <span class='ocrx_word' id='word_1_87' title='bbox 958 2111 1057 2175; x_wconf 89' lang='lat' dir='ltr'>sinus.</span> 
     </span>
    </p>

    <p class='ocr_par' dir='ltr' id='par_1_10' title="bbox 289 2214 1151 2400">
     <span class='ocr_line' id='line_1_17' title="bbox 289 2214 1151 2294; baseline -0.001 -15"><span class='ocrx_word' id='word_1_88' title='bbox 289 2215 443 2280; x_wconf 87' lang='lat' dir='ltr'>Gramine</span> <span class='ocrx_word' id='word_1_89' title='bbox 459 2215 592 2278; x_wconf 90' lang='lat' dir='ltr'>vestitur</span> <span class='ocrx_word' id='word_1_90' title='bbox 606 2215 735 2292; x_wconf 90' lang='lat' dir='ltr'>humus,</span> <span class='ocrx_word' id='word_1_91' title='bbox 753 2214 847 2279; x_wconf 87' lang='lat' dir='ltr'>arbor</span> <span class='ocrx_word' id='word_1_92' title='bbox 862 2214 1039 2294; x_wconf 88' lang='lat' dir='ltr'>frondibus,</span> <span class='ocrx_word' id='word_1_93' title='bbox 1056 2215 1151 2278; x_wconf 88' lang='lat' dir='ltr'>offert</span> 
     </span>
     <span class='ocr_line' id='line_1_18' title="bbox 333 2317 1024 2400; baseline 0 -19"><span class='ocrx_word' id='word_1_94' title='bbox 333 2318 504 2381; x_wconf 86' lang='lat' dir='ltr'>Gemmam</span> <span class='ocrx_word' id='word_1_95' title='bbox 519 2318 603 2396; x_wconf 90' lang='lat' dir='ltr'>vitis,</span> <span class='ocrx_word' id='word_1_96' title='bbox 619 2338 695 2399; x_wconf 87' lang='lat' dir='ltr'>ager</span> <span class='ocrx_word' id='word_1_97' title='bbox 709 2317 785 2396; x_wconf 90' lang='lat' dir='ltr'>lilia,</span> <span class='ocrx_word' id='word_1_98' title='bbox 802 2317 894 2400; x_wconf 90' lang='lat' dir='ltr'>spina</span> <span class='ocrx_word' id='word_1_99' title='bbox 908 2339 1024 2382; x_wconf 89' lang='lat' dir='ltr'>rosam.</span> 
     </span>
    </p>

    <p class='ocr_par' dir='ltr' id='par_1_11' title="bbox 288 2419 1095 2608">
     <span class='ocr_line' id='line_1_19' title="bbox 288 2419 1095 2504; baseline -0.005 -18"><span class='ocrx_word' id='word_1_100' title='bbox 288 2422 463 2486; x_wconf 88' lang='lat' dir='ltr'>Alternant</span> <span class='ocrx_word' id='word_1_101' title='bbox 479 2427 512 2484; x_wconf 93' lang='lat' dir='ltr'>et</span> <span class='ocrx_word' id='word_1_102' title='bbox 527 2442 607 2504; x_wconf 91' lang='lat' dir='ltr'>opus</span> <span class='ocrx_word' id='word_1_103' title='bbox 622 2428 654 2485; x_wconf 88' lang='lat' dir='ltr'>et</span> <span class='ocrx_word' id='word_1_104' title='bbox 671 2441 745 2504; x_wconf 89' lang='lat' dir='ltr'>opes</span> <span class='ocrx_word' id='word_1_105' title='bbox 761 2421 933 2484; x_wconf 88' lang='lat' dir='ltr'>Elementa</span> <span class='ocrx_word' id='word_1_106' title='bbox 947 2419 1095 2497; x_wconf 89' lang='lat' dir='ltr'>vicissim,</span> 
     </span>
     <span class='ocr_line' id='line_1_20' title="bbox 335 2524 996 2608; baseline -0.003 -20"><span class='ocrx_word' id='word_1_107' title='bbox 335 2526 440 2608; x_wconf 87' lang='lat' dir='ltr'>Seque</span> <span class='ocrx_word' id='word_1_108' title='bbox 454 2525 561 2588; x_wconf 88' lang='lat' dir='ltr'>favore</span> <span class='ocrx_word' id='word_1_109' title='bbox 577 2525 645 2607; x_wconf 91' lang='lat' dir='ltr'>pari</span> <span class='ocrx_word' id='word_1_110' title='bbox 661 2524 859 2607; x_wconf 88' lang='lat' dir='ltr'>materiaque</span> <span class='ocrx_word' id='word_1_111' title='bbox 870 2525 996 2607; x_wconf 84' lang='lat' dir='ltr'>juvant.</span> 
     </span>
    </p>

    <p class='ocr_par' dir='ltr' id='par_1_12' title="bbox 290 2627 1050 2817">
     <span class='ocr_line' id='line_1_21' title="bbox 290 2627 1050 2712; baseline -0.004 -20"><span class='ocrx_word' id='word_1_112' title='bbox 290 2629 378 2712; x_wconf 83' lang='lat' dir='ltr'>Ergo</span> <span class='ocrx_word' id='word_1_113' title='bbox 392 2635 587 2692; x_wconf 88' lang='lat' dir='ltr'>vetustatem</span> <span class='ocrx_word' id='word_1_114' title='bbox 603 2627 717 2691; x_wconf 92' lang='lat' dir='ltr'>mundi</span> <span class='ocrx_word' id='word_1_115' title='bbox 731 2633 849 2691; x_wconf 89' lang='lat' dir='ltr'>natura</span> <span class='ocrx_word' id='word_1_116' title='bbox 863 2627 1050 2705; x_wconf 89' lang='lat' dir='ltr'>reformans,</span> 
     </span>
     <span class='ocr_line' id='line_1_22' title="bbox 333 2731 923 2817; baseline -0.005 -21"><span class='ocrx_word' id='word_1_117' title='bbox 333 2733 495 2817; x_wconf 85' lang='lat' dir='ltr'>Auspiciis</span> <span class='ocrx_word' id='word_1_118' title='bbox 509 2733 612 2798; x_wconf 84' lang='lat' dir='ltr'>fertur</span> <span class='ocrx_word' id='word_1_119' title='bbox 627 2733 660 2795; x_wconf 89' lang='lat' dir='ltr'>in</span> <span class='ocrx_word' id='word_1_120' title='bbox 677 2754 735 2796; x_wconf 90' lang='lat' dir='ltr'>sua</span> <span class='ocrx_word' id='word_1_121' title='bbox 749 2737 823 2795; x_wconf 86' lang='lat' dir='ltr'>vota</span> <span class='ocrx_word' id='word_1_122' title='bbox 838 2731 923 2794; x_wconf 86' lang='lat' dir='ltr'>suis:</span> 
     </span>
    </p>

    <p class='ocr_par' dir='ltr' id='par_1_13' title="bbox 292 2834 1197 3023">
     <span class='ocr_line' id='line_1_23' title="bbox 292 2834 1197 2920; baseline -0.004 -20"><span class='ocrx_word' id='word_1_123' title='bbox 292 2838 443 2920; x_wconf 86' lang='lat' dir='ltr'>Namque</span> <span class='ocrx_word' id='word_1_124' title='bbox 457 2837 656 2901; x_wconf 87' lang='lat' dir='ltr'>voluntatem</span> <span class='ocrx_word' id='word_1_125' title='bbox 672 2836 825 2900; x_wconf 87' lang='lat' dir='ltr'>comitata</span> <span class='ocrx_word' id='word_1_126' title='bbox 839 2834 985 2917; x_wconf 88' lang='lat' dir='ltr'>potentia</span> <span class='ocrx_word' id='word_1_127' title='bbox 999 2854 1124 2916; x_wconf 87' lang='lat' dir='ltr'>semper</span> <span class='ocrx_word' id='word_1_128' title='bbox 1193 2850 1197 2854; x_wconf 84' lang='grc'><em>·</em></span> 
     </span>
     <span class='ocr_line' id='line_1_24' title="bbox 334 2938 1058 3023; baseline -0.004 -20"><span class='ocrx_word' id='word_1_129' title='bbox 334 2941 413 3004; x_wconf 95' lang='lat' dir='ltr'>Non</span> <span class='ocrx_word' id='word_1_130' title='bbox 427 2941 550 3023; x_wconf 90' lang='lat' dir='ltr'>patitur</span> <span class='ocrx_word' id='word_1_131' title='bbox 564 2939 685 3002; x_wconf 80' lang='lat' dir='ltr'>frustra</span> <span class='ocrx_word' id='word_1_132' title='bbox 701 2938 778 3021; x_wconf 92' lang='lat' dir='ltr'>quid</span> <span class='ocrx_word' id='word_1_133' title='bbox 793 2938 929 3001; x_wconf 87' lang='lat' dir='ltr'>voluisse</span> <span class='ocrx_word' id='word_1_134' title='bbox 945 2938 1058 3001; x_wconf 88' lang='lat' dir='ltr'>Deam.</span> 
     </span>
    </p>

    <p class='ocr_par' dir='ltr' id='par_1_14' title="bbox 291 3041 1034 3226">
     <span class='ocr_line' id='line_1_25' title="bbox 291 3041 1034 3125; baseline -0.003 -19"><span class='ocrx_word' id='word_1_135' title='bbox 291 3043 443 3125; x_wconf 84' lang='lat' dir='ltr'>Assurgit</span> <span class='ocrx_word' id='word_1_136' title='bbox 458 3043 551 3105; x_wconf 84' lang='lat' dir='ltr'>laetus</span> <span class='ocrx_word' id='word_1_137' title='bbox 567 3042 709 3125; x_wconf 88' lang='lat' dir='ltr'>speranti</span> <span class='ocrx_word' id='word_1_138' title='bbox 724 3041 865 3104; x_wconf 91' lang='lat' dir='ltr'>mundus</span> <span class='ocrx_word' id='word_1_139' title='bbox 881 3047 914 3104; x_wconf 88' lang='lat' dir='ltr'>et</span> <span class='ocrx_word' id='word_1_140' title='bbox 929 3041 1034 3104; x_wconf 84' lang='lat' dir='ltr'>audax</span> 
     </span>
     <span class='ocr_line' id='line_1_26' title="bbox 337 3144 933 3226; baseline -0.002 -19"><span class='ocrx_word' id='word_1_141' title='bbox 337 3147 378 3208; x_wconf 95' lang='lat' dir='ltr'>In</span> <span class='ocrx_word' id='word_1_142' title='bbox 393 3145 507 3208; x_wconf 82' lang='lat' dir='ltr'>faciem</span> <span class='ocrx_word' id='word_1_143' title='bbox 523 3145 613 3226; x_wconf 87' lang='lat' dir='ltr'>pueri</span> <span class='ocrx_word' id='word_1_144' title='bbox 628 3144 749 3226; x_wconf 87' lang='lat' dir='ltr'>cogitat</span> <span class='ocrx_word' id='word_1_145' title='bbox 764 3144 812 3207; x_wconf 90' lang='lat' dir='ltr'>ire</span> <span class='ocrx_word' id='word_1_146' title='bbox 827 3165 933 3208; x_wconf 85' lang='lat' dir='ltr'>senex.</span> 
     </span>
    </p>

    <p class='ocr_par' dir='ltr' id='par_1_15' title="bbox 292 3246 1121 3436">
     <span class='ocr_line' id='line_1_27' title="bbox 292 3246 1087 3329; baseline -0.003 -17"><span class='ocrx_word' id='word_1_147' title='bbox 292 3249 364 3312; x_wconf 88' lang='lat' dir='ltr'>Nec</span> <span class='ocrx_word' id='word_1_148' title='bbox 379 3247 520 3311; x_wconf 90' lang='lat' dir='ltr'>reditum</span> <span class='ocrx_word' id='word_1_149' title='bbox 535 3247 652 3312; x_wconf 88' lang='lat' dir='ltr'>metuit</span> <span class='ocrx_word' id='word_1_150' title='bbox 667 3247 782 3310; x_wconf 88' lang='lat' dir='ltr'>veteris</span> <span class='ocrx_word' id='word_1_151' title='bbox 797 3246 961 3329; x_wconf 88' lang='lat' dir='ltr'>tristisque</span> <span class='ocrx_word' id='word_1_152' title='bbox 977 3248 1087 3329; x_wconf 87' lang='lat' dir='ltr'>figurae</span> 
     </span>
     <span class='ocr_line' id='line_1_28' title="bbox 338 3350 1121 3436; baseline -0.003 -21"><span class='ocrx_word' id='word_1_153' title='bbox 338 3353 472 3415; x_wconf 88' lang='lat' dir='ltr'>Prorsus</span> <span class='ocrx_word' id='word_1_154' title='bbox 487 3351 591 3416; x_wconf 88' lang='lat' dir='ltr'>obisse</span> <span class='ocrx_word' id='word_1_155' title='bbox 606 3351 764 3436; x_wconf 87' lang='lat' dir='ltr'>hyemem,</span> <span class='ocrx_word' id='word_1_156' title='bbox 781 3372 848 3414; x_wconf 93' lang='lat' dir='ltr'>non</span> <span class='ocrx_word' id='word_1_157' title='bbox 863 3350 978 3414; x_wconf 88' lang='lat' dir='ltr'>abiisse</span> <span class='ocrx_word' id='word_1_158' title='bbox 993 3356 1121 3432; x_wconf 87' lang='lat' dir='ltr'>putans.</span> 
     </span>
    </p>

    <p class='ocr_par' dir='ltr' id='par_1_16' title="bbox 293 3452 984 3622">
     <span class='ocr_line' id='line_1_29' title="bbox 293 3452 984 3538; baseline -0.004 -20"><span class='ocrx_word' id='word_1_159' title='bbox 293 3456 470 3538; x_wconf 83' lang='lat' dir='ltr'>Elatasque</span> <span class='ocrx_word' id='word_1_160' title='bbox 486 3477 575 3519; x_wconf 85' lang='lat' dir='ltr'>novae</span> <span class='ocrx_word' id='word_1_161' title='bbox 591 3476 740 3518; x_wconf 88' lang='lat' dir='ltr'>successu</span> <span class='ocrx_word' id='word_1_162' title='bbox 754 3452 984 3537; x_wconf 85' lang='lat' dir='ltr'>prosperitatis,</span> 
     </span>
     <span class='ocr_line' id='line_1_30' title="bbox 337 3558 984 3622; baseline -0.008 0"><span class='ocrx_word' id='word_1_163' title='bbox 337 3558 390 3622; x_wconf 88' lang='lat' dir='ltr'>Ad</span> <span class='ocrx_word' id='word_1_164' title='bbox 405 3565 516 3622; x_wconf 90' lang='lat' dir='ltr'>votum</span> <span class='ocrx_word' id='word_1_165' title='bbox 531 3558 632 3622; x_wconf 89' lang='lat' dir='ltr'>dictat</span> <span class='ocrx_word' id='word_1_166' title='bbox 647 3559 740 3621; x_wconf 89' lang='lat' dir='ltr'>saecla</span> <span class='ocrx_word' id='word_1_167' title='bbox 753 3558 864 3621; x_wconf 86' lang='lat' dir='ltr'>futura</span> <span class='ocrx_word' id='word_1_168' title='bbox 879 3578 984 3619; x_wconf 91' lang='lat' dir='ltr'>suum.</span> 
     </span>
    </p>

    <p class='ocr_par' dir='ltr' id='par_1_17' title="bbox 295 3659 1073 3845">
     <span class='ocr_line' id='line_1_31' title="bbox 295 3659 1073 3744; baseline 0.001 -21"><span class='ocrx_word' id='word_1_169' title='bbox 295 3661 382 3744; x_wconf 88' lang='lat' dir='ltr'>Ergo</span> <span class='ocrx_word' id='word_1_170' title='bbox 398 3661 459 3724; x_wconf 90' lang='lat' dir='ltr'>sibi</span> <span class='ocrx_word' id='word_1_171' title='bbox 472 3667 586 3744; x_wconf 88' lang='lat' dir='ltr'>quarta</span> <span class='ocrx_word' id='word_1_172' title='bbox 599 3661 788 3724; x_wconf 90' lang='lat' dir='ltr'>breviandos</span> <span class='ocrx_word' id='word_1_173' title='bbox 805 3659 946 3723; x_wconf 88' lang='lat' dir='ltr'>destinat</span> <span class='ocrx_word' id='word_1_174' title='bbox 961 3681 1073 3738; x_wconf 84' lang='lat' dir='ltr'>annos,</span> 
     </span>
     <span class='ocr_line' id='line_1_32' title="bbox 338 3762 1011 3845; baseline -0.003 -17"><span class='ocrx_word' id='word_1_175' title='bbox 338 3765 387 3828; x_wconf 93' lang='lat' dir='ltr'>Ut</span> <span class='ocrx_word' id='word_1_176' title='bbox 401 3763 505 3828; x_wconf 88' lang='lat' dir='ltr'>tribus</span> <span class='ocrx_word' id='word_1_177' title='bbox 520 3764 666 3828; x_wconf 83' lang='lat' dir='ltr'>exultent</span> <span class='ocrx_word' id='word_1_178' title='bbox 682 3763 790 3827; x_wconf 90' lang='lat' dir='ltr'>omnia</span> <span class='ocrx_word' id='word_1_179' title='bbox 803 3762 1011 3845; x_wconf 89' lang='lat' dir='ltr'>temporibus.</span> 
     </span>
    </p>

    <p class='ocr_par' dir='ltr' id='par_1_18' title="bbox 295 3867 1070 4056">
     <span class='ocr_line' id='line_1_33' title="bbox 295 3867 1070 3950; baseline -0.006 -17"><span class='ocrx_word' id='word_1_180' title='bbox 295 3867 348 3932; x_wconf 88' lang='lat' dir='ltr'>Ne</span> <span class='ocrx_word' id='word_1_181' title='bbox 363 3869 504 3933; x_wconf 87' lang='lat' dir='ltr'>solvatur</span> <span class='ocrx_word' id='word_1_182' title='bbox 519 3867 609 3950; x_wconf 92' lang='lat' dir='ltr'>aquis</span> <span class='ocrx_word' id='word_1_183' title='bbox 625 3867 673 3931; x_wconf 88' lang='lat' dir='ltr'>vel</span> <span class='ocrx_word' id='word_1_184' title='bbox 688 3867 807 3949; x_wconf 84' lang='lat' dir='ltr'>frigore</span> <span class='ocrx_word' id='word_1_185' title='bbox 822 3871 948 3949; x_wconf 87' lang='lat' dir='ltr'>torpeat</span> <span class='ocrx_word' id='word_1_186' title='bbox 964 3887 1070 3930; x_wconf 90' lang='lat' dir='ltr'>annus</span> 
     </span>
     <span class='ocr_line' id='line_1_34' title="bbox 339 3969 1019 4056; baseline -0.007 -18"><span class='ocrx_word' id='word_1_187' title='bbox 339 3974 562 4056; x_wconf 80' lang='lat' dir='ltr'>Perpetuoque</span> <span class='ocrx_word' id='word_1_188' title='bbox 576 3971 680 4035; x_wconf 88' lang='lat' dir='ltr'>fluant</span> <span class='ocrx_word' id='word_1_189' title='bbox 694 3977 840 4054; x_wconf 88' lang='lat' dir='ltr'>tempora</span> <span class='ocrx_word' id='word_1_190' title='bbox 854 3969 1019 4052; x_wconf 89' lang='lat' dir='ltr'>temperie.</span> 
     </span>
    </p>
   </div>
   <div class='ocr_carea' id='block_1_3' title="bbox 0 0 1441 4920">
    <p class='ocr_par' dir='ltr' id='par_1_19' title="bbox 0 0 1441 4920">
     <span class='ocr_line' id='line_1_35' title="bbox 0 0 1441 4920; baseline 0 0"><span class='ocrx_word' id='word_1_191' title='bbox 0 0 1441 4920; x_wconf 95' lang='lat' dir='ltr'> </span> 
     </span>
    </p>
   </div>
  </div>
 </body>
</html>
