2834 4920
232 516 296 579 238
565 529 715 580 aarum
731 536 850 580 anxov.

231 651 363 716 ecclesia
376 650 431 714 illa
441 649 637 715 venerabiles
652 656 685 715 et
700 651 817 716 electas
833 651 872 714 de
887 658 957 716 tota
971 653 1180 719 universitate

231 775 391 840 personas,
413 776 484 838 quae
502 753 570 817 vice
590 754 735 818 omnium
755 777 776 818 a
794 755 940 818 bonitate
963 763 1072 820 vestra
1096 779 1180 822 com·

230 859 429 943 plemcntum
443 855 652 940 promotionis
670 857 739 940 ejus
757 856 960 939 pronioribus
975 858 1057 920 votis
1073 859 1180 942 exqui-

230 967 337 1025 rerent
353 967 385 1024 ct
400 960 525 1024 obnixis
539 960 686 1044 precibus
700 961 919 1045 implorarent.
950 961 1103 1025 Vidimus
1118 983 1180 1041 eos,

231 1063 387 1127 Thomam
413 1062 533 1127 scilicet
557 1063 829 1128 Archidiaconum
859 1071 892 1127 et
917 1064 959 1127 A.
985 1064 1181 1128 monachum

231 1166 370 1231 ccclesiae
384 1166 480 1242 illius,
499 1165 661 1249 (quoniam
682 1166 815 1229 ecclesia
832 1167 888 1229 illa
903 1172 1100 1230 conventum
1114 1187 1181 1230 mo·

231 1269 407 1333 nachorum
417 1268 516 1332 babet
530 1290 597 1332 non
612 1268 782 1351 collegium
797 1269 1007 1351 clericorum)
1019 1275 1054 1332 et
1064 1269 1181 1352 magis-

231 1381 319 1438 trum
334 1373 615 1450 Lanulli1m,viros
629 1372 773 1435 literatos
784 1371 933 1454 equidem
947 1377 980 1435 et
994 1371 1181 1453 prudentes,

231 1485 265 1541 et
280 1477 463 1560 approbatae
477 1497 496 1539 a
510 1475 655 1559 pluribus
674 1474 862 1552 honestatis,
878 1473 1047 1556 negotium
1062 1474 1182 1538 scilicet

231 1579 319 1643 istud
345 1601 384 1643 ex
414 1579 614 1661 delegatione
643 1577 789 1641 omnium
817 1577 906 1640 omni
937 1577 1045 1640 studio
1073 1598 1180 1660 prose·

231 1690 385 1768 quantes:
423 1683 480 1747 sed
506 1683 601 1762 viam,
626 1704 690 1765 qua
715 1681 756 1745 ad
778 1702 834 1745 vos
857 1681 1021 1764 pervenire
1045 1682 1180 1765 possint,

230 1787 416 1851 nullatenus
439 1786 584 1850 invenire
606 1791 792 1868 potuerunt.
851 1784 1083 1848 laboravimus
1106 1805 1181 1849 cum

230 1891 270 1954 iis
290 1897 323 1954 et
344 1885 486 1974 plerique
509 1889 572 1968 alii,
588 1909 648 1952 neo
669 1888 736 1951 ulla
758 1887 911 1952 securitas
932 1889 1127 1971 penetrandi
1140 1887 1182 1952 ad

232 2016 286 2058 vos
299 1995 406 2078 potnit
420 1992 566 2057 inveniri.
611 1990 794 2055 Praesertim
815 1989 891 2073 quia
908 1989 1039 2072 negotio
1059 1990 1108 2052 illi
1125 2011 1181 2054 rex

228 2096 347 2180 junior,
367 2097 422 2180 qui
440 2097 475 2159 in
495 2096 639 2179 partibus
657 2094 721 2158 illis
739 2100 965 2171 commoratur,
987 2092 1107 2156 dicitur
1125 2093 1180 2157 ad·

230 2201 358 2264 versari.
395 2200 450 2264 Ad
463 2198 705 2281 suffragandum
718 2197 827 2280 itaque
841 2195 923 2260 votis
937 2216 1060 2274 eorum,
1071 2195 1180 2261 literas

230 2311 299 2368 tam
321 2302 362 2366 ab
381 2302 564 2365 humilitate
585 2307 697 2365 nostra
719 2322 814 2384 quam
837 2299 878 2363 ab
901 2298 970 2363 aliis
992 2298 1179 2380 diligentius

231 2406 410 2489 impetratis
433 2406 587 2469 nuntium
610 2427 667 2488 per
691 2427 734 2485 se,
760 2426 856 2488 quem
881 2403 1011 2466 babitus
1036 2402 1179 2468 arctioris

230 2509 393 2592 religionis
411 2516 443 2574 et
463 2516 634 2592 paupertas
654 2509 873 2587 absconderet,
889 2508 930 2572 ad
949 2508 1179 2590 proferendum

231 2614 408 2697 negotium,
425 2614 499 2698 quie
513 2613 606 2677 aliter
623 2613 658 2676 id
678 2612 745 2676 fieri
760 2633 828 2676 non
841 2617 977 2696 poterat,
992 2610 1178 2674 transmise-

231 2725 319 2782 runt.
365 2718 452 2783 Quia
465 2717 565 2800 igitur
579 2723 679 2780 tantae
693 2715 740 2778 rei
755 2717 887 2779 effectus
898 2736 966 2777 non
976 2713 1041 2776 nisi
1055 2714 1178 2777 instan-

230 2822 314 2885 tium
328 2821 485 2886 bellorum
500 2819 744 2904 importunitate
764 2824 797 2881 et
818 2817 943 2881 casibus
962 2816 1106 2881 fortuitis
1120 2815 1178 2878 im-

230 2925 368 3009 peditus,
381 2924 544 2988 sanctitati
556 2929 589 2986 et
601 2921 704 2986 officio
713 2927 819 2985 vestro
830 2921 988 2984 credimus
1000 2919 1177 2996 convenire,

230 3034 263 3091 et
278 3028 319 3090 ad
333 3028 420 3091 idem
435 3028 533 3093 etiam
553 3027 683 3092 devotas
702 3046 811 3109 preces
831 3023 980 3089 duximus
1000 3023 1178 3108 adjungen-

230 3131 305 3196 das:
328 3137 366 3194 ut
389 3131 473 3213 quod
495 3131 659 3195 residuum
682 3136 740 3210 est,
757 3130 914 3213 compleat
936 3135 969 3192 et
991 3130 1176 3192 confirmat:

225 3254 272 3296 ne
286 3240 361 3298 vota
374 3234 515 3297 ecclesiae
533 3234 690 3297 ludificari
709 3233 912 3318 permittatis,
929 3237 962 3296 et
976 3231 1078 3316 ipsius
1092 3230 1177 3296 utili-

228 3343 312 3402 tates
327 3337 463 3422 amplius
477 3336 633 3421 impediri.

367 3595 420 3658 86.
442 3595 499 3657 Ad
511 3595 666 3658 domiuum
680 3595 802 3674 Papam
816 3592 1042 3657 Alesaadaum.

271 3745 332 3809 Est
356 3743 506 3827 quiddam
532 3743 616 3827 quod
639 3750 708 3807 tam
730 3764 836 3806 meam
861 3764 957 3827 quam
982 3743 1061 3806 alias
1084 3743 1177 3808 vehe-

229 3855 356 3914 menter
376 3845 467 3928 angit
481 3846 649 3924 Ecclesias,
666 3846 877 3930 quorumdam
897 3846 1018 3910 scilicet
1032 3868 1132 3931 rapax
1146 3853 1178 3912 et

226 3954 444 4036 intemperans
468 3949 601 4012 audacia
621 3949 862 4027 monachorum,
884 3948 939 4031 qui
964 3970 1028 4032 quo
1047 3948 1179 4013 liberius

230 4060 372 4136 effluant,
403 4052 561 4119 saecularis
599 4052 751 4135 potentiae
788 4051 935 4134 praesidia
971 4051 1178 4130 redimentes,

228 4165 332 4249 primo
353 4157 517 4245 Episcopis
537 4177 667 4219 omnem
686 4151 901 4219 obedientiam
922 4153 1130 4233 subtrahunt,
1145 4161 1178 4219 et
