2834 4920
223 534 287 595 134
555 553 705 597 aaronis
724 553 842 596 nnxov.

281 809 333 872 27.
356 807 412 870 Ad
428 809 611 871 Wllelmum
629 810 902 872 Cenomoaaeasem
917 807 1117 889 Episcopum.

267 958 427 1022 Dominus
462 959 621 1023 liudulfus
654 960 872 1025 thesaurarius
907 961 1177 1045 Rothomagensis

226 1060 346 1124 amicus
369 1069 479 1125 noster
501 1069 559 1140 est,
582 1069 846 1145 compertumque
874 1062 973 1126 habet
1003 1063 1090 1144 quod
1119 1083 1178 1146 ego

227 1163 313 1247 apud
335 1164 539 1227 sanctitatem
559 1171 697 1228 vestram
709 1165 903 1248 jamdudum
922 1166 1095 1248 plurimam
1119 1164 1178 1228 sim

227 1265 364 1348 gratiam
384 1273 584 1330 consecutus.
630 1267 713 1330 Inde
733 1275 782 1332 est
798 1269 884 1350 quod
898 1276 1009 1355 nostra
1024 1270 1112 1351 apud
1126 1291 1179 1332 vos
1282 1267 1284 1272 ’

226 1369 452 1433 intercessione
467 1371 608 1452 postulat
623 1371 776 1454 adjuvari,
789 1371 941 1454 quoniam
955 1373 990 1434 in
1006 1372 1133 1435 duobus
1147 1392 1180 1434 se

230 1471 354 1554 gravari
379 1472 595 1554 conqueritur,
619 1493 714 1554 super
743 1472 959 1555 assignatione
988 1472 1061 1550 loci,
1085 1494 1181 1555 quem

229 1596 285 1638 vos
305 1575 335 1637 ei
354 1580 387 1637 et
402 1575 544 1637 Domino
562 1574 764 1652 Pictaviensi,
782 1576 821 1638 ad
844 1576 1007 1658 agendum
1025 1576 1065 1639 de
1084 1596 1178 1639 causa

230 1702 301 1764 quae
317 1680 471 1745 intereos
489 1681 633 1759 vertitur,
654 1681 848 1764 assignastis.
895 1682 979 1744 Cum
999 1681 1087 1744 enim
1108 1681 1180 1745 civi·

231 1790 282 1848 tas
296 1791 402 1848 vestra
415 1783 450 1846 in
465 1783 571 1846 medio
587 1783 628 1846 sit
643 1783 709 1846 fere
724 1783 911 1861 constituta,
926 1783 1022 1866 paulo
1036 1790 1182 1846 tamena

232 1888 485 1971 Rothomagensi
511 1887 639 1951 civitate
663 1888 826 1966 remotior,
849 1909 905 1951 vos
929 1908 1004 1950 eum
1030 1888 1123 1970 quasi
1147 1886 1181 1950 in

232 2013 400 2056 occursum
423 1991 593 2055 adversarii
609 1991 659 2054 sui
673 1992 714 2055 ad
728 1992 882 2055 ulteriora
900 1992 971 2054 loos
984 1991 1115 2055 trahere
1129 1991 1182 2054 de·

232 2095 385 2159 stinastis.
430 2096 473 2159 In
491 2116 554 2177 quo
576 2094 702 2158 videtur
720 2095 749 2158 ei
771 2095 857 2177 quod
874 2095 1001 2158 affectio
1023 2101 1131 2158 vestra
1149 2094 1184 2156 in

232 2197 372 2261 favorem
392 2198 545 2281 opposita
559 2199 659 2280 partis
677 2199 808 2282 coeperit
831 2219 899 2261 esse
916 2198 1094 2281 proclivior,
1110 2197 1184 2280 quia

234 2299 344 2362 statim
359 2301 389 2363 ei
410 2301 450 2363 de
465 2301 559 2382 spatii
580 2301 806 2365 distributione
826 2301 906 2366 adeo
925 2301 1083 2384 propitius
1103 2301 1181 2365 exti-

233 2402 328 2481 tistis,
343 2409 381 2466 ut
400 2403 577 2467 adversario
600 2405 814 2488 quadraginta
833 2412 963 2469 tantum
977 2404 1127 2468 milliaria
1144 2403 1184 2468 ad

233 2505 436 2585 veniendum,
453 2507 530 2570 etei
550 2514 692 2586 centurn,
708 2508 839 2591 ipsaque
859 2508 1093 2592 importuniora
1106 2529 1184 2591 prae-

235 2612 377 2691 fixeritis,
394 2613 435 2676 ad
453 2612 606 2676 eundum.
652 2612 748 2678 Quod
764 2613 791 2675 si
805 2613 835 2676 ei
849 2612 1018 2676 censuistis
1036 2633 1095 2696 pro
1109 2611 1184 2695 Epi-

235 2716 352 2798 scopali
367 2717 545 2781 reverentia
566 2716 784 2793 deferendum,
799 2715 833 2778 id
850 2723 983 2780 eatenus
1002 2715 1185 2780 faciendum
1211 2797 1216 2806 .

236 2826 294 2897 est,
315 2841 357 2882 ne
376 2821 411 2883 in
432 2841 513 2884 onus
535 2826 592 2883 aut
614 2818 836 2902 praejudicium
858 2819 989 2882 alterius
1011 2819 1185 2882 liberalitas

237 2924 338 2986 effusa
359 2923 519 3005 procedat.
568 2922 620 2985 Sic
641 2923 728 2984 enim
742 2922 828 2985 inter
845 2929 952 3005 partes
970 2922 1078 2986 media
1092 2921 1186 2986 debet

238 3046 305 3089 esse
317 3025 492 3107 judicantis
507 3025 628 3106 religia,
644 3032 681 3087 ut
697 3025 831 3089 liberam
846 3027 886 3089 de
901 3025 970 3109 pari
985 3025 1120 3108 singulis
1135 3046 1186 3089 ex-

237 3127 347 3190 hibeat
373 3127 568 3208 aequitatem,
594 3148 636 3189 ne
660 3129 854 3192 sententiam
877 3129 1014 3193 dictasse
1042 3129 1188 3193 videatur

239 3228 374 3305 affectio,
387 3229 441 3292 sed
454 3229 582 3311 justitia
596 3230 729 3294 rationis
743 3232 968 3296 instrumentis
983 3238 1189 3315 compensata

239 3334 401 3397 formasse.
448 3333 553 3414 Rogat
573 3333 682 3414 igitur,
698 3355 821 3417 nosque
841 3357 898 3418 pro
918 3356 956 3398 eo
974 3335 1189 3419 supplicamus

240 3438 406 3515 attentius,
436 3445 473 3500 ut
502 3437 590 3500 locus
621 3438 665 3500 eis
690 3437 732 3500 ad
760 3439 933 3521 agendum,
959 3439 1045 3502 fasta
1068 3439 1189 3523 aequins

241 3540 335 3623 spatii
375 3540 609 3618 distributione,
644 3541 875 3618 Cenomannia,
911 3543 1101 3624 assignetur,
1134 3548 1190 3606 aut

225 3643 332 3720 citra,
347 3651 385 3705 ut
400 3650 432 3706 et
448 3665 506 3706 nos
526 3644 680 3706 interesse
695 3644 863 3726 possimus,
881 3646 956 3728 quia
970 3645 1011 3708 ob
1026 3645 1190 3709 familiari·

241 3753 343 3810 tatem
358 3746 526 3827 utriusque
536 3746 636 3827 partis
652 3754 683 3808 et
696 3747 842 3829 gratiam,
855 3748 1026 3831 plurimam
1038 3750 1125 3812 inter
1139 3769 1192 3812 eos

241 3848 453 3934 componendi
474 3849 625 3912 fiduciam
651 3850 844 3914 obtinemus.
890 3852 940 3914 De
967 3852 1097 3916 alterius
1119 3873 1193 3916 vero

241 3955 303 4019 loci
319 3961 351 4018 ct
366 3951 518 4034 temporis
541 3950 767 4032 assignatione,
782 3954 822 4017 de
842 3955 930 4018 vobis
951 3955 1106 4037 conqueri
1119 3976 1193 4038 pars

241 4059 297 4122 illa
311 4081 378 4122 non
400 4056 527 4141 poterit,
545 4055 697 4138 quoniam
715 4057 767 4120 bic
787 4058 904 4121 citatus
925 4059 1023 4121 semel
1043 4081 1102 4141 pro
1118 4060 1193 4122 sim-

241 4172 317 4255 plici
331 4160 477 4226 absentia
492 4159 699 4224 condemnari
713 4182 780 4225 non
795 4169 909 4246 potest,
923 4163 1026 4226 donec
1041 4163 1193 4242 seeundo,
