2834 4920
227 459 248 520 8
554 476 705 522 nanuum
723 477 842 520 nrxov.

226 593 364 658 fortatus
390 601 438 658 est
464 594 662 678 principatus
685 616 805 659 corum.
851 594 1099 679 Propinquiores
1125 616 1179 659 su-

228 719 318 762 mus:
343 698 460 763 amicos
481 699 637 782 siquidem
657 721 716 764 nos
737 700 887 784 appellat,
903 706 936 763 et
951 699 993 763 ad
1007 719 1180 782 argumen-

227 806 301 863 tum
313 801 526 883 propensioris
538 801 686 866 amicitiae
694 802 855 866 indultam
866 801 969 880 nobis,
979 823 1046 865 non
1055 807 1181 884 partem

229 902 286 966 sed
303 903 428 986 copiam
449 905 549 968 totius
570 904 797 968 familiaritatis
820 905 969 969 ostendit.
1016 904 1037 966 J
1039 925 1092 966 am
1113 925 1181 966 non

229 1004 344 1083 dicam,
374 1006 490 1089 inquit,
517 1029 572 1070 ros
602 1028 717 1086 servos,
748 1007 803 1070 sed
833 1007 951 1071 amicos
980 1027 1079 1084 meos,
1106 1004 1182 1088 quia

229 1109 339 1171 omnia
368 1130 438 1191 quae
468 1109 573 1172 audivi
603 1132 622 1172 a
650 1117 741 1193 patre
773 1131 845 1173 meo
874 1115 953 1172 nota
985 1107 1048 1171 feci
1080 1107 1180 1171 vobis.

228 1211 353 1274 Verum
369 1219 426 1274 est.
461 1211 566 1275 Nobis
581 1212 695 1275 datum
710 1219 759 1275 est
773 1232 867 1276 nosse
881 1210 1073 1295 mysterium
1087 1208 1181 1292 regni
1243 1280 1247 1289 ¹

229 1313 302 1391 Dei,
318 1314 440 1378 caeteris
456 1321 565 1378 autem
586 1315 622 1376 in
643 1314 812 1397 parabolis,
828 1321 865 1378 ut
887 1313 1032 1377 videntes
1051 1333 1119 1376 non
1136 1311 1181 1375 vi-

231 1414 338 1494 deant,
359 1423 392 1478 et
414 1416 581 1479 audientes
603 1436 670 1479 non
692 1415 886 1498 intelligant.
931 1415 1002 1478 Nos
1024 1414 1181 1478 habemus

230 1517 338 1582 oculos
352 1518 512 1596 intuendi,
528 1526 561 1581 et
576 1538 668 1581 aures
684 1517 845 1581 audiendi.
873 1518 991 1581 Multae
1006 1523 1039 1580 et
1054 1537 1181 1599 magnae

231 1629 308 1684 sunt
323 1621 407 1684 circa
426 1643 486 1686 nos
506 1622 708 1704 dignationes
728 1629 804 1701 tuae,
818 1622 903 1686 bone
919 1622 940 1684 J
942 1642 1008 1700 esu,
1024 1621 1129 1685 multa
1148 1627 1181 1684 et

229 1723 466 1788 inaestimabilia
490 1724 646 1788 beneficia
671 1731 736 1788 tua
800 1725 913 1788 Gratia
934 1731 992 1787 tua
1013 1724 1100 1786 ultro
1122 1744 1182 1786 nos

230 1827 384 1910 praevenit
407 1835 440 1890 et
462 1827 677 1910 subsequitur,
699 1827 782 1890 nihil
809 1834 865 1890 aut
886 1848 1001 1910 parum
1023 1832 1072 1890 est
1095 1825 1183 1909 quod

230 1930 353 1993 meritis
364 1931 483 1993 nostris
498 1952 646 2012 arrogare
656 1930 825 2012 possimus,
838 1950 912 1992 cum
926 1935 965 1991 tu
976 1928 1113 2010 gratiam
1124 1947 1182 2010 per

231 2032 369 2114 gratiam
385 2053 509 2115 semper
530 2033 631 2095 effusa
650 2032 873 2095 munificentia
891 2031 1047 2113 largiaris.
1094 2029 1183 2095 Quid

231 2153 307 2215 ergo
328 2134 543 2196 retribuemus
565 2134 648 2197 tibi?
672 2133 749 2216 quid
771 2134 959 2212 retribuam,
979 2131 1096 2215 inquit,
1115 2133 1182 2195 Do-

230 2235 330 2314 mine,
351 2256 409 2317 pro
431 2235 580 2299 omnibus
603 2258 673 2318 quae
694 2235 843 2299 retribuit
866 2235 968 2297 mihi?
1015 2234 1183 2299 Quaeritne

232 2337 293 2400 sibi
314 2337 464 2400 restitui?
504 2338 618 2421 quaerit
640 2358 758 2417 revera,
782 2338 935 2420 quoniam
957 2336 1061 2419 gravis
1084 2336 1182 2401 etiam

231 2448 360 2504 exactor
375 2447 433 2504 est.
478 2441 557 2504 Non
577 2441 727 2504 convenit
748 2440 925 2504 debitorem
945 2439 1096 2503 suumin
1116 2460 1182 2503 sor·

230 2549 299 2606 tem
320 2548 460 2622 tantum,
484 2543 541 2607 sed
562 2544 660 2607 etiam
680 2544 716 2606 in
738 2564 862 2606 usuras.
922 2543 1042 2621 Quare,
1064 2541 1182 2625 inquit,

230 2667 300 2710 non
324 2646 459 2729 posuisti
480 2647 651 2730 pecuniam
672 2667 779 2710 meam
801 2645 842 2708 ad
863 2666 1019 2724 mensam,
1042 2651 1081 2708 ut
1107 2665 1183 2708 cum

231 2749 370 2831 redirem
394 2751 518 2833 utique,
543 2732 617 2814 cum
642 2750 749 2814 usuris
778 2770 849 2812 eam
879 2747 1054 2830 exegissem
1080 2769 1100 2810 a
1124 2747 1181 2810 tc?

233 2851 321 2916 Quia
342 2873 418 2934 ergo
441 2853 501 2915 sibi
522 2853 658 2916 retribui
681 2832 803 2935 qbaerit,
819 2850 1024 2914 consulamus
1039 2849 1181 2932 Prophe-

231 2959 310 3030 tam,
336 2952 413 3034 quid
438 2960 539 3017 tantae
562 2954 723 3038 majestati
748 2954 844 3035 digne
867 2953 968 3036 possit
993 2953 1029 3014 in
1052 2973 1182 3015 causam

230 3054 451 3117 retributionis
474 3055 589 3143 offerri.
645 3054 784 3138 Expedit
806 3055 899 3118 nobis
921 3062 959 3117 ut
982 3054 1038 3137 qui
1059 3076 1119 3118 nos
1141 3054 1182 3118 de
1212 3072 1215 3078 ·

233 3155 388 3239 qualitate
409 3157 513 3220 nostri
533 3157 731 3241 principatus
754 3157 891 3235 edocuit,
909 3156 1119 3219 nihilominus
1142 3156 1183 3220 de

233 3258 413 3341 quantitate
438 3259 660 3323 retributionis
682 3259 823 3324 edoceat.
869 3260 1005 3343 Oportet
1031 3260 1119 3323 enim
1144 3265 1183 3323 ut

233 3360 319 3445 quod
340 3363 471 3426 nomine
493 3363 714 3426 retributionis
736 3363 879 3441 offertur,
895 3361 936 3424 ad
957 3361 1113 3425 honorem
1131 3383 1182 3426 ce-

232 3464 298 3543 dat,
315 3464 444 3528 accedat
459 3465 499 3529 ad
515 3467 662 3548 gratiam.
685 3465 840 3548 Alioquin
854 3487 920 3528 non
936 3465 1020 3547 parit
1033 3465 1181 3546 gratiam,

232 3566 288 3629 sed
303 3567 467 3631 offensam.
490 3568 670 3632 Audiamus
685 3589 761 3651 ergo
777 3567 854 3650 quid
869 3567 971 3631 dicat:
996 3567 1183 3630 Constitues

233 3689 286 3732 eos
301 3669 465 3752 Principes
486 3691 581 3753 super
601 3692 730 3734 omnem
750 3678 880 3734 terram.
925 3670 1009 3732 Ecce
1028 3669 1182 3733 meritum

233 3773 302 3856 ejus
318 3771 401 3834 circa
415 3794 491 3836 nos:
517 3772 593 3854 quid
609 3779 717 3836 autem
732 3773 793 3836 sibi
806 3772 942 3836 retribui
958 3779 1089 3855 quaerat,
1106 3794 1181 3836 con·

232 3881 402 3957 sequenter
431 3874 597 3957 adjungit:
635 3876 798 3939 Memores
828 3882 924 3938 erunt
951 3873 1094 3937 nominis
1121 3874 1181 3954 tui,

231 3978 381 4041 Domine.
415 3977 609 4040 Memoriam
625 3978 764 4041 nominis
780 3977 830 4040 sui
844 3984 973 4040 tantum
989 3976 1050 4040 sibi
1066 3976 1181 4059 quaerit

230 4081 362 4145 nomine
377 4077 598 4145 retributionis
613 4079 730 4144 offerri.
761 4079 862 4161 Cujus
877 4077 1041 4142 nominis?
1063 4098 1182 4164 nempe
