2834 4920
231 506 293 567 138
563 528 712 572 aarum
729 531 850 575 rnxov.

229 639 346 721 pabulo
369 639 426 702 diu
447 661 514 704 non
536 644 654 724 poterit
676 644 789 722 vivere,
811 645 888 727 quin
910 646 1044 730 expiret.
1090 651 1185 714 Bene

230 762 417 824 semperque
431 742 512 805 vale.

365 998 417 1058 30.
441 996 496 1057 Ad
509 997 673 1060 Dominam
688 999 811 1080 Papam
825 1000 1050 1065 Alcoeaadmm.

275 1153 377 1217 Grata
391 1154 472 1217 mihi
485 1153 623 1235 refulget
638 1153 772 1231 occasi0,
788 1156 900 1219 multis
918 1165 1088 1241 expectata
1101 1167 1181 1224 tem-

231 1257 371 1340 poribus,
401 1257 512 1320 multis
547 1256 669 1319 artibus
699 1257 864 1340 exquisita,
895 1260 1026 1324 videndi
1052 1263 1182 1327 scilicet

231 1361 344 1423 faciem
360 1360 493 1424 Domini
508 1360 581 1438 mei,
594 1366 627 1423 et
642 1366 778 1423 matrem
789 1383 893 1425 meam
909 1372 1054 1428 sanctam
1066 1367 1180 1430 Rema-

231 1486 308 1528 nam
323 1464 499 1528 Ecclesiam
513 1463 672 1526 visitandi.
719 1464 739 1525 J
741 1465 905 1528 ocuudum
920 1477 969 1530 est
984 1489 1036 1531 me
1053 1470 1181 1551 quibus-

206 1570 210 1577 '
230 1568 310 1631 libet
325 1568 438 1631 offerre
450 1567 607 1650 periculis,
618 1566 813 1649 quibuslibet
828 1569 946 1633 inferre
961 1571 1135 1651 laboribus
1145 1581 1181 1637 ut

231 1693 355 1735 mercar
378 1671 548 1754 aliquando
572 1670 638 1733 frui
663 1671 842 1735 desiderato
866 1679 979 1737 vestrae
1001 1677 1181 1740 serenitatis

232 1783 372 1859 aspectu,
389 1782 422 1839 et
438 1776 580 1859 jocundo
598 1776 680 1838 sacri
700 1776 855 1840 sermonis
877 1778 1016 1860 alloquio
1037 1781 1181 1843 recreari.

231 1878 342 1942 lturus
363 1879 425 1942 alia
443 1879 510 1942 vice
533 1879 657 1941 fueram
680 1880 890 1943 destinandus
912 1903 932 1944 a
951 1882 1112 1966 Principe,
1128 1884 1182 1947 sed

231 1983 417 2066 importuna
439 2004 490 2045 me
512 1981 670 2045 bellorum
692 1984 927 2065 emergentium
949 1987 1084 2049 retraxit
1104 1986 1181 2050 invi-

233 2087 294 2164 dia,
325 2086 439 2169 quibus
469 2086 683 2167 transigendis
714 2087 857 2149 studium
887 2088 1063 2170 diligentiae
1093 2089 1180 2168 nieae,

232 2211 305 2252 cum
325 2189 497 2252 necessitas
512 2189 672 2267 Ecclesiae,
687 2196 759 2252 tum
783 2189 979 2273 Reipublicae
1000 2193 1181 2275 requirebat

232 2292 364 2355 utilitas.
411 2292 507 2356 Quod
529 2292 686 2374 siquidem
706 2293 769 2356 iter
790 2293 947 2358 desiderio
966 2295 1071 2377 magis
1087 2318 1181 2380 quam

231 2395 365 2478 imperio
380 2395 564 2459 mandantis
580 2417 823 2480 assumpseram,
839 2403 877 2460 ut
892 2397 1064 2480 impetrata
1078 2400 1181 2481 potius

232 2521 326 2582 quam
343 2499 490 2584 injuncta
508 2500 626 2582 legatio
640 2500 811 2564 videretur.
856 2501 957 2564 Nunc
972 2509 1082 2566 autem
1098 2524 1180 2566 com-

230 2603 342 2688 positis
377 2603 526 2667 omnibus
563 2625 630 2667 non
664 2604 790 2683 missus,
826 2604 882 2668 sed
916 2605 983 2668 sola
1016 2606 1181 2670 devotione

231 2709 358 2787 ductus,
374 2707 508 2771 advenio
530 2707 571 2770 ad
586 2706 803 2770 exhibendum
823 2707 1041 2790 beneplacito
1062 2708 1181 2772 domini

230 2814 296 2877 mei
310 2834 425 2895 corpus
445 2819 478 2875 et
500 2812 658 2894 spiritum,
674 2810 716 2873 ad
735 2810 966 2892 impendendas
987 2811 1180 2876 utilitatibus

229 2916 343 2981 vestris
365 2935 477 2979 omnes
498 2921 654 2997 tanquam
677 2935 716 2977 ex
736 2914 844 2978 debito
863 2915 980 2998 peculii
994 2915 1178 2993 ¹facultates.
1273 2990 1280 3004 ι

232 3021 390 3083 Attamen
404 3025 442 3080 ut
459 3019 595 3095 veniam,
611 3019 754 3100 oportuit
768 3039 821 3082 me
841 3040 952 3082 causas
967 3019 1060 3102 quasi
1073 3039 1179 3083 neces-

233 3122 336 3186 sitatis
370 3121 540 3203 inquirere,
571 3122 646 3203 quia
674 3143 877 3205 nequaquam
911 3121 998 3185 mibi
1026 3123 1180 3205 patuisset

233 3247 387 3308 egressus,
404 3224 467 3287 nisi
482 3224 588 3306 aliqua
603 3225 748 3287 crederer
764 3226 1010 3309 importunitate
1025 3225 1179 3308 compelli.

233 3330 317 3393 Cum
340 3329 426 3392 enim
448 3329 584 3413 principi
606 3337 716 3392 nostra
738 3352 863 3413 semper
883 3330 924 3394 sit
947 3331 1087 3395 officiosa
1103 3350 1179 3413 prae·

231 3434 344 3512 sentia,
368 3456 434 3498 non
458 3439 526 3497 tam
549 3455 601 3496 me
624 3434 785 3497 devotioni
808 3455 888 3498 meae
910 3455 1032 3497 morem
1062 3454 1179 3517 gerere,

233 3559 329 3618 quam
344 3537 384 3600 ad
400 3537 543 3621 publicas
557 3536 714 3599 utilitates
730 3544 762 3599 et
783 3558 841 3598 sua
856 3537 950 3600 vellet
965 3536 1119 3618 obsequia
1132 3556 1179 3598 re-

230 3641 344 3703 tinere.
390 3640 473 3702 Cum
496 3645 603 3702 autem
627 3659 752 3715 venero,
772 3638 864 3700 facile
887 3638 1085 3719 comparebit
1108 3636 1181 3720 quid

232 3742 345 3805 ascribi
370 3742 539 3819 devotioni,
565 3741 641 3824 quid
667 3741 850 3804 necessitati
874 3741 990 3804 debeat
1019 3739 1180 3822 imputari.

22 3907 29 3921 ,
132 3925 135 3931 ¹
231 3847 336 3911 Venio
350 3845 451 3928 igitur
467 3867 531 3908 non
549 3867 586 3908 ex
604 3846 711 3908 animo
734 3844 873 3928 quidem,
891 3845 946 3907 sed
960 3852 1072 3908 tamen
1087 3842 1181 3907 verbo

86 3970 92 3986 ’
164 4014 168 4020 ,
230 3960 324 4014 tenus
350 3951 523 4032 impetrata
547 3949 685 4026 licentia,
712 3949 737 4011 si
764 3949 853 4011 nolui
879 3949 959 4011 mihi
989 3949 1029 4011 de
1055 3947 1181 4012 silentio

230 4056 328 4138 ipsius
351 4055 456 4118 facere
480 4053 699 4136 quaestionem,
722 4053 873 4134 quoniam
894 4060 927 4115 et
951 4053 977 4114 si
999 4074 1066 4115 1ο1
1086 4053 1181 4115 facies

232 4159 340 4237 oculis,
353 4159 433 4223 votis
448 4165 559 4222 tamen
574 4157 675 4220 oratio
691 4156 914 4238 respondebat,
928 4177 987 4220 nec
1003 4155 1181 4239 abjicienda
