<?xml version="1.0" encoding="UTF-8"?>
<!DOCTYPE html PUBLIC "-//W3C//DTD XHTML 1.0 Transitional//EN"
    "http://www.w3.org/TR/xhtml1/DTD/xhtml1-transitional.dtd">
<html xmlns="http://www.w3.org/1999/xhtml" xml:lang="en" lang="en">
 <head>
  <title>
</title>
<meta http-equiv="Content-Type" content="text/html;charset=utf-8" />
  <meta name='ocr-system' content='tesseract 3.04.00' />
  <meta name='ocr-capabilities' content='ocr_page ocr_carea ocr_par ocr_line ocrx_word'/>
</head>
<body>
  <div class='ocr_page' id='page_1' title='image "./arnulfilexovien00gilegoog_0237.png"; bbox 0 0 2834 4920; ppageno 0'>
   <div class='ocr_carea' id='block_1_1' title="bbox 230 539 852 601">
    <p class='ocr_par' dir='ltr' id='par_1_1' title="bbox 230 539 852 601">
     <span class='ocr_line' id='line_1_1' title="bbox 230 539 852 601; baseline -0.003 -1"><span class='ocrx_word' id='word_1_1' title='bbox 230 539 294 600; x_wconf 78' lang='lat'><strong>212</strong></span> <span class='ocrx_word' id='word_1_2' title='bbox 564 558 715 600; x_wconf 73' lang='lat' dir='ltr'><strong>anuumu</strong></span> <span class='ocrx_word' id='word_1_3' title='bbox 734 557 852 601; x_wconf 76' lang='lat' dir='ltr'><strong>nsxov.</strong></span> 
     </span>
    </p>
   </div>
   <div class='ocr_carea' id='block_1_2' title="bbox 228 672 1191 2197">
    <p class='ocr_par' dir='ltr' id='par_1_2' title="bbox 228 672 1191 2197">
     <span class='ocr_line' id='line_1_2' title="bbox 230 672 1189 758; baseline 0.004 -24"><span class='ocrx_word' id='word_1_4' title='bbox 230 673 332 754; x_wconf 85' lang='lat' dir='ltr'><strong>spatio</strong></span> <span class='ocrx_word' id='word_1_5' title='bbox 346 672 463 735; x_wconf 91' lang='lat' dir='ltr'><strong>modici</strong></span> <span class='ocrx_word' id='word_1_6' title='bbox 477 674 630 755; x_wconf 85' lang='lat' dir='ltr'><strong>temporis</strong></span> <span class='ocrx_word' id='word_1_7' title='bbox 647 673 817 757; x_wconf 69' lang='lat' dir='ltr'><strong>interjecto</strong></span> <span class='ocrx_word' id='word_1_8' title='bbox 837 673 1068 737; x_wconf 81' lang='lat' dir='ltr'>contumeliose</span> <span class='ocrx_word' id='word_1_9' title='bbox 1084 676 1189 758; x_wconf 89' lang='lat' dir='ltr'><strong>coepit</strong></span> 
     </span>
     <span class='ocr_line' id='line_1_3' title="bbox 229 775 1190 860; baseline 0.003 -21"><span class='ocrx_word' id='word_1_10' title='bbox 229 775 322 839; x_wconf 89' lang='lat' dir='ltr'><strong>nobis</strong></span> <span class='ocrx_word' id='word_1_11' title='bbox 336 775 463 838; x_wconf 82' lang='lat' dir='ltr'><strong>fraudes</strong></span> <span class='ocrx_word' id='word_1_12' title='bbox 478 782 511 839; x_wconf 90' lang='lat' dir='ltr'><strong>et</strong></span> <span class='ocrx_word' id='word_1_13' title='bbox 526 776 681 840; x_wconf 82' lang='lat' dir='ltr'><strong>versutias</strong></span> <span class='ocrx_word' id='word_1_14' title='bbox 695 776 895 860; x_wconf 84' lang='lat' dir='ltr'><strong>exprobrare,</strong></span> <span class='ocrx_word' id='word_1_15' title='bbox 914 777 1031 860; x_wconf 88' lang='lat' dir='ltr'><strong>quibus</strong></span> <span class='ocrx_word' id='word_1_16' title='bbox 1051 799 1086 842; x_wconf 95' lang='lat' dir='ltr'><strong>se</strong></span> <span class='ocrx_word' id='word_1_17' title='bbox 1109 800 1190 842; x_wconf 91' lang='lat' dir='ltr'><strong>con·</strong></span> 
     </span>
     <span class='ocr_line' id='line_1_4' title="bbox 230 878 1186 964; baseline 0.004 -24"><span class='ocrx_word' id='word_1_18' title='bbox 230 878 422 961; x_wconf 84' lang='lat' dir='ltr'><strong>querebatur</strong></span> <span class='ocrx_word' id='word_1_19' title='bbox 437 878 609 962; x_wconf 79' lang='lat' dir='ltr'><strong>saepissime</strong></span> <span class='ocrx_word' id='word_1_20' title='bbox 623 879 887 943; x_wconf 89' lang='lat' dir='ltr'><strong>circumventum.</strong></span> <span class='ocrx_word' id='word_1_21' title='bbox 930 880 1079 959; x_wconf 85' lang='lat' dir='ltr'><strong>Dicebat,</strong></span> <span class='ocrx_word' id='word_1_22' title='bbox 1096 881 1186 964; x_wconf 92' lang='lat' dir='ltr'><strong>quod</strong></span> 
     </span>
     <span class='ocr_line' id='line_1_5' title="bbox 229 980 1188 1066; baseline 0.004 -24"><span class='ocrx_word' id='word_1_23' title='bbox 229 980 326 1043; x_wconf 85' lang='lat' dir='ltr'><strong>fidem</strong></span> <span class='ocrx_word' id='word_1_24' title='bbox 355 980 441 1043; x_wconf 90' lang='lat' dir='ltr'><strong>inter</strong></span> <span class='ocrx_word' id='word_1_25' title='bbox 469 1003 524 1045; x_wconf 87' lang='lat' dir='ltr'><strong>vos</strong></span> <span class='ocrx_word' id='word_1_26' title='bbox 556 988 671 1045; x_wconf 92' lang='lat' dir='ltr'><strong>mutuo</strong></span> <span class='ocrx_word' id='word_1_27' title='bbox 705 983 967 1065; x_wconf 81' lang='lat' dir='ltr'><strong>compromissam</strong></span> <span class='ocrx_word' id='word_1_28' title='bbox 996 983 1188 1066; x_wconf 90' lang='lat' dir='ltr'><strong>frequenter</strong></span> 
     </span>
     <span class='ocr_line' id='line_1_6' title="bbox 231 1083 1191 1166; baseline 0.003 -21"><span class='ocrx_word' id='word_1_29' title='bbox 231 1083 395 1147; x_wconf 82' lang='lat' dir='ltr'><strong>occasione</strong></span> <span class='ocrx_word' id='word_1_30' title='bbox 425 1084 583 1147; x_wconf 89' lang='lat' dir='ltr'><strong>levissima</strong></span> <span class='ocrx_word' id='word_1_31' title='bbox 610 1083 770 1148; x_wconf 74' lang='lat' dir='ltr'><strong>violastis:</strong></span> <span class='ocrx_word' id='word_1_32' title='bbox 808 1105 927 1166; x_wconf 89' lang='lat' dir='ltr'><strong>vosque</strong></span> <span class='ocrx_word' id='word_1_33' title='bbox 961 1085 997 1147; x_wconf 90' lang='lat' dir='ltr'><strong>in</strong></span> <span class='ocrx_word' id='word_1_34' title='bbox 1035 1085 1191 1148; x_wconf 90' lang='lat' dir='ltr'><strong>omnibus</strong></span> 
     </span>
     <span class='ocr_line' id='line_1_7' title="bbox 232 1185 1189 1270; baseline 0.002 -22"><span class='ocrx_word' id='word_1_35' title='bbox 232 1186 312 1249; x_wconf 88' lang='lat' dir='ltr'><strong>adeo</strong></span> <span class='ocrx_word' id='word_1_36' title='bbox 334 1185 523 1250; x_wconf 86' lang='lat' dir='ltr'><strong>exhibuistis</strong></span> <span class='ocrx_word' id='word_1_37' title='bbox 544 1186 739 1265; x_wconf 86' lang='lat' dir='ltr'><strong>instabilem,</strong></span> <span class='ocrx_word' id='word_1_38' title='bbox 760 1187 845 1270; x_wconf 94' lang='lat' dir='ltr'><strong>quod</strong></span> <span class='ocrx_word' id='word_1_39' title='bbox 867 1208 934 1249; x_wconf 90' lang='lat' dir='ltr'><strong>non</strong></span> <span class='ocrx_word' id='word_1_40' title='bbox 957 1186 1124 1250; x_wconf 87' lang='lat' dir='ltr'><strong>adhibebit</strong></span> <span class='ocrx_word' id='word_1_41' title='bbox 1149 1188 1189 1250; x_wconf 94' lang='lat' dir='ltr'><strong>de</strong></span> 
     </span>
     <span class='ocr_line' id='line_1_8' title="bbox 231 1288 1188 1366; baseline 0 -14"><span class='ocrx_word' id='word_1_42' title='bbox 231 1295 349 1352; x_wconf 84' lang='lat' dir='ltr'><strong>caetero</strong></span> <span class='ocrx_word' id='word_1_43' title='bbox 364 1288 451 1352; x_wconf 89' lang='lat' dir='ltr'><strong>vobis</strong></span> <span class='ocrx_word' id='word_1_44' title='bbox 467 1289 573 1352; x_wconf 89' lang='lat' dir='ltr'><strong>fidem.</strong></span> <span class='ocrx_word' id='word_1_45' title='bbox 610 1290 689 1352; x_wconf 90' lang='lat' dir='ltr'><strong>Non</strong></span> <span class='ocrx_word' id='word_1_46' title='bbox 704 1289 746 1352; x_wconf 90' lang='lat' dir='ltr'><strong>sit</strong></span> <span class='ocrx_word' id='word_1_47' title='bbox 761 1289 860 1365; x_wconf 89' lang='lat' dir='ltr'><strong>vobis,</strong></span> <span class='ocrx_word' id='word_1_48' title='bbox 877 1289 947 1351; x_wconf 81' lang='lat' dir='ltr'><strong>Rex</strong></span> <span class='ocrx_word' id='word_1_49' title='bbox 961 1289 1188 1366; x_wconf 85' lang='lat' dir='ltr'><strong>illustrissime,</strong></span> 
     </span>
     <span class='ocr_line' id='line_1_9' title="bbox 231 1389 1187 1473; baseline 0 -19"><span class='ocrx_word' id='word_1_50' title='bbox 231 1412 411 1468; x_wconf 88' lang='lat' dir='ltr'><strong>onerosum,</strong></span> <span class='ocrx_word' id='word_1_51' title='bbox 437 1391 464 1454; x_wconf 92' lang='lat' dir='ltr'><strong>si</strong></span> <span class='ocrx_word' id='word_1_52' title='bbox 488 1391 573 1473; x_wconf 90' lang='lat' dir='ltr'><strong>quod</strong></span> <span class='ocrx_word' id='word_1_53' title='bbox 597 1390 786 1468; x_wconf 86' lang='lat' dir='ltr'><strong>audivimus,</strong></span> <span class='ocrx_word' id='word_1_54' title='bbox 810 1392 982 1473; x_wconf 84' lang='lat' dir='ltr'><strong>loquimur.</strong></span> <span class='ocrx_word' id='word_1_55' title='bbox 1030 1389 1113 1456; x_wconf 84' lang='lat' dir='ltr'><strong>Haec</strong></span> <span class='ocrx_word' id='word_1_56' title='bbox 1138 1400 1187 1456; x_wconf 88' lang='lat' dir='ltr'><strong>est</strong></span> 
     </span>
     <span class='ocr_line' id='line_1_10' title="bbox 230 1494 1185 1578; baseline 0 -20"><span class='ocrx_word' id='word_1_57' title='bbox 230 1494 317 1558; x_wconf 89' lang='lat' dir='ltr'><strong>enim</strong></span> <span class='ocrx_word' id='word_1_58' title='bbox 334 1495 524 1558; x_wconf 89' lang='lat' dir='ltr'><strong>nuntiorum</strong></span> <span class='ocrx_word' id='word_1_59' title='bbox 546 1494 698 1573; x_wconf 89' lang='lat' dir='ltr'><strong>conditio,</strong></span> <span class='ocrx_word' id='word_1_60' title='bbox 715 1502 752 1557; x_wconf 94' lang='lat' dir='ltr'><strong>ut</strong></span> <span class='ocrx_word' id='word_1_61' title='bbox 775 1495 815 1557; x_wconf 91' lang='lat' dir='ltr'><strong>de</strong></span> <span class='ocrx_word' id='word_1_62' title='bbox 836 1494 985 1578; x_wconf 87' lang='lat' dir='ltr'><strong>injuncto</strong></span> <span class='ocrx_word' id='word_1_63' title='bbox 1009 1494 1070 1557; x_wconf 90' lang='lat' dir='ltr'><strong>sibi</strong></span> <span class='ocrx_word' id='word_1_64' title='bbox 1093 1516 1185 1558; x_wconf 90' lang='lat' dir='ltr'><strong>man·</strong></span> 
     </span>
     <span class='ocr_line' id='line_1_11' title="bbox 228 1597 1181 1676; baseline 0 -16"><span class='ocrx_word' id='word_1_65' title='bbox 228 1597 304 1661; x_wconf 87' lang='lat' dir='ltr'><strong>dato</strong></span> <span class='ocrx_word' id='word_1_66' title='bbox 319 1597 366 1660; x_wconf 93' lang='lat' dir='ltr'><strong>nil</strong></span> <span class='ocrx_word' id='word_1_67' title='bbox 383 1597 575 1676; x_wconf 87' lang='lat' dir='ltr'><strong>subticeant,</strong></span> <span class='ocrx_word' id='word_1_68' title='bbox 591 1598 638 1660; x_wconf 95' lang='lat' dir='ltr'><strong>nil</strong></span> <span class='ocrx_word' id='word_1_69' title='bbox 658 1597 852 1674; x_wconf 88' lang='lat' dir='ltr'><strong>rescindant,</strong></span> <span class='ocrx_word' id='word_1_70' title='bbox 867 1597 917 1661; x_wconf 88' lang='lat' dir='ltr'><strong>vel</strong></span> <span class='ocrx_word' id='word_1_71' title='bbox 938 1597 1126 1661; x_wconf 86' lang='lat' dir='ltr'><strong>diminuant</strong></span> <span class='ocrx_word' id='word_1_72' title='bbox 1142 1598 1181 1661; x_wconf 90' lang='lat' dir='ltr'><strong>de</strong></span> 
     </span>
     <span class='ocr_line' id='line_1_12' title="bbox 229 1699 1185 1784; baseline -0.001 -20"><span class='ocrx_word' id='word_1_73' title='bbox 229 1722 391 1784; x_wconf 89' lang='lat' dir='ltr'><strong>responso.</strong></span> <span class='ocrx_word' id='word_1_74' title='bbox 437 1700 587 1764; x_wconf 88' lang='lat' dir='ltr'><strong>Addebat</strong></span> <span class='ocrx_word' id='word_1_75' title='bbox 608 1701 716 1779; x_wconf 87' lang='lat' dir='ltr'><strong>etiam,</strong></span> <span class='ocrx_word' id='word_1_76' title='bbox 737 1722 771 1764; x_wconf 87' lang='lat' dir='ltr'><strong>se</strong></span> <span class='ocrx_word' id='word_1_77' title='bbox 794 1699 1014 1763; x_wconf 87' lang='lat' dir='ltr'><strong>firmissimum</strong></span> <span class='ocrx_word' id='word_1_78' title='bbox 1034 1700 1185 1763; x_wconf 89' lang='lat' dir='ltr'><strong>habuisse</strong></span> 
     </span>
     <span class='ocr_line' id='line_1_13' title="bbox 228 1803 1185 1889; baseline -0.002 -21"><span class='ocrx_word' id='word_1_79' title='bbox 228 1806 427 1889; x_wconf 90' lang='lat' dir='ltr'><strong>propositum</strong></span> <span class='ocrx_word' id='word_1_80' title='bbox 465 1804 669 1887; x_wconf 84' lang='lat' dir='ltr'><strong>expugnandi</strong></span> <span class='ocrx_word' id='word_1_81' title='bbox 706 1825 770 1881; x_wconf 88' lang='lat' dir='ltr'><strong>vos,</strong></span> <span class='ocrx_word' id='word_1_82' title='bbox 801 1809 974 1886; x_wconf 90' lang='lat' dir='ltr'><strong>antequam</strong></span> <span class='ocrx_word' id='word_1_83' title='bbox 1005 1803 1185 1868; x_wconf 88' lang='lat' dir='ltr'><strong>Caruotum</strong></span> 
     </span>
     <span class='ocr_line' id='line_1_14' title="bbox 229 1907 1185 1991; baseline 0 -19"><span class='ocrx_word' id='word_1_84' title='bbox 229 1910 314 1973; x_wconf 86' lang='lat' dir='ltr'><strong>filius</strong></span> <span class='ocrx_word' id='word_1_85' title='bbox 334 1917 440 1973; x_wconf 86' lang='lat' dir='ltr'><strong>vester</strong></span> <span class='ocrx_word' id='word_1_86' title='bbox 458 1909 679 1972; x_wconf 77' lang='lat' dir='ltr'><strong>adventasset:</strong></span> <span class='ocrx_word' id='word_1_87' title='bbox 701 1909 843 1991; x_wconf 88' lang='lat' dir='ltr'><strong>istasque</strong></span> <span class='ocrx_word' id='word_1_88' title='bbox 863 1907 1047 1971; x_wconf 86' lang='lat' dir='ltr'><strong>occasiones</strong></span> <span class='ocrx_word' id='word_1_89' title='bbox 1066 1909 1185 1972; x_wconf 89' lang='lat' dir='ltr'><strong>dissen-</strong></span> 
     </span>
     <span class='ocr_line' id='line_1_15' title="bbox 230 2011 1184 2097; baseline 0.002 -23"><span class='ocrx_word' id='word_1_90' title='bbox 230 2013 327 2075; x_wconf 91' lang='lat' dir='ltr'><strong>sionis</strong></span> <span class='ocrx_word' id='word_1_91' title='bbox 342 2020 375 2076; x_wconf 90' lang='lat' dir='ltr'><strong>et</strong></span> <span class='ocrx_word' id='word_1_92' title='bbox 390 2012 455 2077; x_wconf 91' lang='lat' dir='ltr'><strong>odii</strong></span> <span class='ocrx_word' id='word_1_93' title='bbox 470 2011 678 2097; x_wconf 87' lang='lat' dir='ltr'><strong>proponebat,</strong></span> <span class='ocrx_word' id='word_1_94' title='bbox 696 2011 780 2094; x_wconf 94' lang='lat' dir='ltr'><strong>quod</strong></span> <span class='ocrx_word' id='word_1_95' title='bbox 799 2011 899 2074; x_wconf 91' lang='lat' dir='ltr'><strong>filiam</strong></span> <span class='ocrx_word' id='word_1_96' title='bbox 914 2032 1006 2074; x_wconf 90' lang='lat' dir='ltr'><strong>suam</strong></span> <span class='ocrx_word' id='word_1_97' title='bbox 1025 2011 1066 2073; x_wconf 87' lang='lat' dir='ltr'><strong>ad</strong></span> <span class='ocrx_word' id='word_1_98' title='bbox 1082 2013 1184 2076; x_wconf 86' lang='lat' dir='ltr'><strong>virum</strong></span> 
     </span>
     <span class='ocr_line' id='line_1_16' title="bbox 230 2114 1181 2197; baseline 0 -19"><span class='ocrx_word' id='word_1_99' title='bbox 230 2136 325 2178; x_wconf 86' lang='lat' dir='ltr'><strong>suum</strong></span> <span class='ocrx_word' id='word_1_100' title='bbox 340 2116 444 2178; x_wconf 89' lang='lat' dir='ltr'><strong>redire</strong></span> <span class='ocrx_word' id='word_1_101' title='bbox 459 2137 525 2178; x_wconf 92' lang='lat' dir='ltr'><strong>non</strong></span> <span class='ocrx_word' id='word_1_102' title='bbox 541 2114 655 2192; x_wconf 91' lang='lat' dir='ltr'><strong>sinitis,</strong></span> <span class='ocrx_word' id='word_1_103' title='bbox 672 2114 757 2197; x_wconf 94' lang='lat' dir='ltr'><strong>quod</strong></span> <span class='ocrx_word' id='word_1_104' title='bbox 772 2114 801 2178; x_wconf 89' lang='lat' dir='ltr'><strong>ei</strong></span> <span class='ocrx_word' id='word_1_105' title='bbox 818 2114 927 2176; x_wconf 91' lang='lat' dir='ltr'><strong>dotem</strong></span> <span class='ocrx_word' id='word_1_106' title='bbox 942 2114 1012 2197; x_wconf 88' lang='lat' dir='ltr'><strong>ejus</strong></span> <span class='ocrx_word' id='word_1_107' title='bbox 1028 2135 1096 2177; x_wconf 89' lang='lat' dir='ltr'><strong>non</strong></span> <span class='ocrx_word' id='word_1_108' title='bbox 1112 2115 1181 2178; x_wconf 89' lang='lat' dir='ltr'><strong>red·</strong></span> 
     </span>
    </p>
   </div>
   <div class='ocr_carea' id='block_1_3' title="bbox 229 2215 1282 2299">
    <p class='ocr_par' dir='ltr' id='par_1_3' title="bbox 229 2215 1282 2299">
     <span class='ocr_line' id='line_1_17' title="bbox 229 2215 1282 2299; baseline 0.003 -21"><span class='ocrx_word' id='word_1_109' title='bbox 229 2215 313 2292; x_wconf 91' lang='lat' dir='ltr'><strong>ditis,</strong></span> <span class='ocrx_word' id='word_1_110' title='bbox 331 2216 416 2298; x_wconf 92' lang='lat' dir='ltr'><strong>quod</strong></span> <span class='ocrx_word' id='word_1_111' title='bbox 434 2215 578 2279; x_wconf 92' lang='lat' dir='ltr'><strong>subditos</strong></span> <span class='ocrx_word' id='word_1_112' title='bbox 599 2237 665 2279; x_wconf 87' lang='lat' dir='ltr'><strong>suae</strong></span> <span class='ocrx_word' id='word_1_113' title='bbox 685 2215 800 2278; x_wconf 90' lang='lat' dir='ltr'><strong>ditioni</strong></span> <span class='ocrx_word' id='word_1_114' title='bbox 818 2215 953 2299; x_wconf 88' lang='lat' dir='ltr'><strong>populos</strong></span> <span class='ocrx_word' id='word_1_115' title='bbox 974 2237 993 2278; x_wconf 97' lang='lat' dir='ltr'><strong>a</strong></span> <span class='ocrx_word' id='word_1_116' title='bbox 1014 2216 1182 2281; x_wconf 90' lang='lat' dir='ltr'><strong>montibus</strong></span> <span class='ocrx_word' id='word_1_117' title='bbox 1272 2260 1282 2289; x_wconf 79' lang='grc'><strong>.</strong></span> 
     </span>
    </p>
   </div>
   <div class='ocr_carea' id='block_1_4' title="bbox 203 2317 1187 4258">
    <p class='ocr_par' dir='ltr' id='par_1_4' title="bbox 203 2317 1187 4258">
     <span class='ocr_line' id='line_1_18' title="bbox 228 2317 1183 2400; baseline 0.005 -21"><span class='ocrx_word' id='word_1_118' title='bbox 228 2317 388 2380; x_wconf 87' lang='lat' dir='ltr'><strong>Alverniae</strong></span> <span class='ocrx_word' id='word_1_119' title='bbox 403 2338 504 2399; x_wconf 88' lang='lat' dir='ltr'><strong>usque</strong></span> <span class='ocrx_word' id='word_1_120' title='bbox 524 2317 565 2379; x_wconf 86' lang='lat' dir='ltr'><strong>ad</strong></span> <span class='ocrx_word' id='word_1_121' title='bbox 587 2319 791 2395; x_wconf 85' lang='lat' dir='ltr'><strong>Rhodanum,</strong></span> <span class='ocrx_word' id='word_1_122' title='bbox 807 2317 842 2380; x_wconf 92' lang='lat' dir='ltr'><strong>in</strong></span> <span class='ocrx_word' id='word_1_123' title='bbox 862 2318 962 2400; x_wconf 88' lang='lat' dir='ltr'><strong>ipsius</strong></span> <span class='ocrx_word' id='word_1_124' title='bbox 977 2318 1091 2381; x_wconf 90' lang='lat' dir='ltr'><strong>odium</strong></span> <span class='ocrx_word' id='word_1_125' title='bbox 1106 2341 1183 2384; x_wconf 92' lang='lat' dir='ltr'><strong>cou-</strong></span> 
     </span>
     <span class='ocr_line' id='line_1_19' title="bbox 228 2418 1183 2504; baseline 0.003 -23"><span class='ocrx_word' id='word_1_126' title='bbox 228 2419 360 2495; x_wconf 89' lang='lat' dir='ltr'><strong>eitastis,</strong></span> <span class='ocrx_word' id='word_1_127' title='bbox 384 2420 469 2502; x_wconf 92' lang='lat' dir='ltr'><strong>quod</strong></span> <span class='ocrx_word' id='word_1_128' title='bbox 496 2418 529 2482; x_wconf 92' lang='lat' dir='ltr'><strong>in</strong></span> <span class='ocrx_word' id='word_1_129' title='bbox 555 2441 681 2485; x_wconf 85' lang='lat' dir='ltr'><strong>coronae</strong></span> <span class='ocrx_word' id='word_1_130' title='bbox 704 2443 770 2484; x_wconf 87' lang='lat' dir='ltr'><strong>suae</strong></span> <span class='ocrx_word' id='word_1_131' title='bbox 792 2419 997 2504; x_wconf 88' lang='lat' dir='ltr'><strong>dispendium</strong></span> <span class='ocrx_word' id='word_1_132' title='bbox 1023 2422 1183 2486; x_wconf 88' lang='lat' dir='ltr'><strong>Comitem</strong></span> 
     </span>
     <span class='ocr_line' id='line_1_20' title="bbox 203 2511 1183 2610; baseline 0.006 -26"><span class='ocrx_word' id='word_1_133' title='bbox 203 2606 205 2610; x_wconf 23' lang='grc' dir='ltr'>Ι</span> <span class='ocrx_word' id='word_1_134' title='bbox 231 2522 264 2585; x_wconf 87' lang='lat' dir='ltr'><strong>S.</strong></span> <span class='ocrx_word' id='word_1_135' title='bbox 280 2523 387 2606; x_wconf 86' lang='lat' dir='ltr'><strong>Egidii</strong></span> <span class='ocrx_word' id='word_1_136' title='bbox 416 2524 451 2587; x_wconf 90' lang='lat' dir='ltr'><strong>in</strong></span> <span class='ocrx_word' id='word_1_137' title='bbox 480 2524 595 2606; x_wconf 86' lang='lat' dir='ltr'><strong>ligium</strong></span> <span class='ocrx_word' id='word_1_138' title='bbox 624 2511 789 2588; x_wconf 89' lang='lat' dir='ltr'><strong>hominem</strong></span> <span class='ocrx_word' id='word_1_139' title='bbox 817 2524 992 2608; x_wconf 86' lang='lat' dir='ltr'><strong>recepistis.</strong></span> <span class='ocrx_word' id='word_1_140' title='bbox 1039 2526 1183 2590; x_wconf 82' lang='lat' dir='ltr'><strong>Tandem</strong></span> 
     </span>
     <span class='ocr_line' id='line_1_21' title="bbox 229 2627 1183 2712; baseline 0.002 -21"><span class='ocrx_word' id='word_1_141' title='bbox 229 2627 327 2691; x_wconf 90' lang='lat' dir='ltr'><strong>etiam</strong></span> <span class='ocrx_word' id='word_1_142' title='bbox 354 2628 539 2712; x_wconf 87' lang='lat' dir='ltr'><strong>juramento</strong></span> <span class='ocrx_word' id='word_1_143' title='bbox 568 2628 715 2706; x_wconf 87' lang='lat' dir='ltr'><strong>firmavit,</strong></span> <span class='ocrx_word' id='word_1_144' title='bbox 744 2649 777 2691; x_wconf 87' lang='lat' dir='ltr'><strong>se</strong></span> <span class='ocrx_word' id='word_1_145' title='bbox 806 2648 974 2709; x_wconf 90' lang='lat' dir='ltr'><strong>nunquam</strong></span> <span class='ocrx_word' id='word_1_146' title='bbox 1000 2627 1041 2690; x_wconf 92' lang='lat' dir='ltr'><strong>de</strong></span> <span class='ocrx_word' id='word_1_147' title='bbox 1068 2636 1183 2693; x_wconf 80' lang='lat' dir='ltr'><strong>caetero</strong></span> 
     </span>
     <span class='ocr_line' id='line_1_22' title="bbox 228 2729 1183 2810; baseline 0.002 -17"><span class='ocrx_word' id='word_1_148' title='bbox 228 2732 394 2797; x_wconf 87' lang='lat' dir='ltr'><strong>vobiscum</strong></span> <span class='ocrx_word' id='word_1_149' title='bbox 414 2732 527 2810; x_wconf 86' lang='lat' dir='ltr'><strong>foedus,</strong></span> <span class='ocrx_word' id='word_1_150' title='bbox 543 2739 600 2795; x_wconf 91' lang='lat' dir='ltr'><strong>aut</strong></span> <span class='ocrx_word' id='word_1_151' title='bbox 619 2731 823 2795; x_wconf 89' lang='lat' dir='ltr'><strong>concordiam</strong></span> <span class='ocrx_word' id='word_1_152' title='bbox 842 2729 1040 2810; x_wconf 88' lang='lat' dir='ltr'><strong>habiturum,</strong></span> <span class='ocrx_word' id='word_1_153' title='bbox 1057 2732 1122 2794; x_wconf 88' lang='lat' dir='ltr'><strong>nisi</strong></span> <span class='ocrx_word' id='word_1_154' title='bbox 1142 2731 1183 2795; x_wconf 92' lang='lat' dir='ltr'><strong>de</strong></span> 
     </span>
     <span class='ocr_line' id='line_1_23' title="bbox 228 2835 1183 2913; baseline -0.002 -13"><span class='ocrx_word' id='word_1_155' title='bbox 228 2844 341 2900; x_wconf 87' lang='lat' dir='ltr'><strong>vestrae</strong></span> <span class='ocrx_word' id='word_1_156' title='bbox 356 2836 471 2913; x_wconf 86' lang='lat' dir='ltr'><strong>uxoris,</strong></span> <span class='ocrx_word' id='word_1_157' title='bbox 489 2842 521 2898; x_wconf 96' lang='lat' dir='ltr'><strong>et</strong></span> <span class='ocrx_word' id='word_1_158' title='bbox 536 2836 676 2899; x_wconf 88' lang='lat' dir='ltr'><strong>filiorum</strong></span> <span class='ocrx_word' id='word_1_159' title='bbox 696 2847 874 2898; x_wconf 88' lang='lat' dir='ltr'><strong>vestrorum</strong></span> <span class='ocrx_word' id='word_1_160' title='bbox 894 2855 1036 2896; x_wconf 86' lang='lat' dir='ltr'><strong>assensu.</strong></span> <span class='ocrx_word' id='word_1_161' title='bbox 1082 2835 1183 2898; x_wconf 93' lang='lat' dir='ltr'><strong>Nunc</strong></span> 
     </span>
     <span class='ocr_line' id='line_1_24' title="bbox 229 2936 1183 3022; baseline 0 -20"><span class='ocrx_word' id='word_1_162' title='bbox 229 2940 329 3022; x_wconf 87' lang='lat' dir='ltr'><strong>igitur</strong></span> <span class='ocrx_word' id='word_1_163' title='bbox 346 2939 381 3000; x_wconf 93' lang='lat' dir='ltr'><strong>in</strong></span> <span class='ocrx_word' id='word_1_164' title='bbox 401 2938 617 3002; x_wconf 89' lang='lat' dir='ltr'><strong>custodiendis</strong></span> <span class='ocrx_word' id='word_1_165' title='bbox 636 2936 872 3000; x_wconf 88' lang='lat' dir='ltr'><strong>munitionibus</strong></span> <span class='ocrx_word' id='word_1_166' title='bbox 891 2937 1014 3016; x_wconf 90' lang='lat' dir='ltr'><strong>vestris,</strong></span> <span class='ocrx_word' id='word_1_167' title='bbox 1030 2944 1065 3000; x_wconf 90' lang='lat' dir='ltr'><strong>et</strong></span> <span class='ocrx_word' id='word_1_168' title='bbox 1085 2938 1183 3021; x_wconf 79' lang='lat' dir='ltr'><strong>potis·</strong></span> 
     </span>
     <span class='ocr_line' id='line_1_25' title="bbox 228 3039 1179 3123; baseline -0.003 -17"><span class='ocrx_word' id='word_1_169' title='bbox 228 3041 307 3106; x_wconf 88' lang='lat' dir='ltr'><strong>sime</strong></span> <span class='ocrx_word' id='word_1_170' title='bbox 335 3043 371 3103; x_wconf 92' lang='lat' dir='ltr'><strong>in</strong></span> <span class='ocrx_word' id='word_1_171' title='bbox 396 3041 535 3123; x_wconf 87' lang='lat' dir='ltr'><strong>corporis</strong></span> <span class='ocrx_word' id='word_1_172' title='bbox 564 3041 660 3105; x_wconf 86' lang='lat' dir='ltr'><strong>vestri</strong></span> <span class='ocrx_word' id='word_1_173' title='bbox 688 3040 792 3103; x_wconf 91' lang='lat' dir='ltr'><strong>tutela</strong></span> <span class='ocrx_word' id='word_1_174' title='bbox 821 3039 946 3104; x_wconf 90' lang='lat' dir='ltr'><strong>saniore</strong></span> <span class='ocrx_word' id='word_1_175' title='bbox 971 3039 1105 3104; x_wconf 89' lang='lat' dir='ltr'><strong>consilio</strong></span> <span class='ocrx_word' id='word_1_176' title='bbox 1131 3048 1179 3104; x_wconf 94' lang='lat' dir='ltr'><strong>est</strong></span> 
     </span>
     <span class='ocr_line' id='line_1_26' title="bbox 228 3141 1184 3207; baseline 0.001 -1"><span class='ocrx_word' id='word_1_177' title='bbox 228 3143 398 3206; x_wconf 90' lang='lat' dir='ltr'><strong>utendum.</strong></span> <span class='ocrx_word' id='word_1_178' title='bbox 444 3143 616 3206; x_wconf 87' lang='lat' dir='ltr'><strong>Communi</strong></span> <span class='ocrx_word' id='word_1_179' title='bbox 632 3143 719 3207; x_wconf 91' lang='lat' dir='ltr'><strong>enim</strong></span> <span class='ocrx_word' id='word_1_180' title='bbox 738 3149 812 3206; x_wconf 90' lang='lat' dir='ltr'><strong>voto</strong></span> <span class='ocrx_word' id='word_1_181' title='bbox 832 3143 867 3205; x_wconf 88' lang='lat' dir='ltr'><strong>in</strong></span> <span class='ocrx_word' id='word_1_182' title='bbox 888 3141 1022 3206; x_wconf 86' lang='lat' dir='ltr'><strong>exitium</strong></span> <span class='ocrx_word' id='word_1_183' title='bbox 1038 3150 1184 3206; x_wconf 88' lang='lat' dir='ltr'><strong>vestrum</strong></span> 
     </span>
     <span class='ocr_line' id='line_1_27' title="bbox 229 3245 1185 3328; baseline -0.001 -19"><span class='ocrx_word' id='word_1_184' title='bbox 229 3253 298 3310; x_wconf 91' lang='lat' dir='ltr'><strong>tota</strong></span> <span class='ocrx_word' id='word_1_185' title='bbox 313 3245 448 3308; x_wconf 81' lang='lat' dir='ltr'><strong>Francia</strong></span> <span class='ocrx_word' id='word_1_186' title='bbox 466 3245 671 3328; x_wconf 86' lang='lat' dir='ltr'><strong>conspiravit.</strong></span> <span class='ocrx_word' id='word_1_187' title='bbox 717 3246 786 3310; x_wconf 89' lang='lat' dir='ltr'><strong>Nec</strong></span> <span class='ocrx_word' id='word_1_188' title='bbox 809 3246 886 3309; x_wconf 89' lang='lat' dir='ltr'><strong>satis</strong></span> <span class='ocrx_word' id='word_1_189' title='bbox 910 3252 959 3308; x_wconf 90' lang='lat' dir='ltr'><strong>est</strong></span> <span class='ocrx_word' id='word_1_190' title='bbox 982 3245 1012 3308; x_wconf 93' lang='lat' dir='ltr'><strong>ei</strong></span> <span class='ocrx_word' id='word_1_191' title='bbox 1035 3245 1185 3308; x_wconf 84' lang='lat' dir='ltr'><strong>extermi-</strong></span> 
     </span>
     <span class='ocr_line' id='line_1_28' title="bbox 229 3348 1186 3433; baseline -0.003 -19"><span class='ocrx_word' id='word_1_192' title='bbox 229 3372 307 3414; x_wconf 90' lang='lat' dir='ltr'><strong>nare</strong></span> <span class='ocrx_word' id='word_1_193' title='bbox 330 3358 424 3414; x_wconf 86' lang='lat' dir='ltr'><strong>terrae</strong></span> <span class='ocrx_word' id='word_1_194' title='bbox 449 3348 565 3413; x_wconf 87' lang='lat' dir='ltr'><strong>faciem</strong></span> <span class='ocrx_word' id='word_1_195' title='bbox 588 3350 665 3432; x_wconf 85' lang='lat' dir='ltr'><strong>igne</strong></span> <span class='ocrx_word' id='word_1_196' title='bbox 690 3356 723 3413; x_wconf 94' lang='lat' dir='ltr'><strong>et</strong></span> <span class='ocrx_word' id='word_1_197' title='bbox 748 3349 873 3433; x_wconf 85' lang='lat' dir='ltr'><strong>gladio:</strong></span> <span class='ocrx_word' id='word_1_198' title='bbox 912 3348 1025 3412; x_wconf 91' lang='lat' dir='ltr'><strong>sedin</strong></span> <span class='ocrx_word' id='word_1_199' title='bbox 1047 3355 1186 3413; x_wconf 90' lang='lat' dir='ltr'><strong>vestram</strong></span> 
     </span>
     <span class='ocr_line' id='line_1_29' title="bbox 228 3451 1184 3538; baseline -0.005 -20"><span class='ocrx_word' id='word_1_200' title='bbox 228 3477 408 3538; x_wconf 87' lang='lat' dir='ltr'><strong>personam,</strong></span> <span class='ocrx_word' id='word_1_201' title='bbox 428 3454 513 3538; x_wconf 94' lang='lat' dir='ltr'><strong>quod</strong></span> <span class='ocrx_word' id='word_1_202' title='bbox 532 3453 626 3531; x_wconf 90' lang='lat' dir='ltr'><strong>absit,</strong></span> <span class='ocrx_word' id='word_1_203' title='bbox 648 3453 751 3516; x_wconf 91' lang='lat' dir='ltr'><strong>scelus</strong></span> <span class='ocrx_word' id='word_1_204' title='bbox 772 3451 948 3516; x_wconf 85' lang='lat' dir='ltr'><strong>execrabile</strong></span> <span class='ocrx_word' id='word_1_205' title='bbox 969 3451 1184 3515; x_wconf 86' lang='lat' dir='ltr'><strong>machinatur.</strong></span> 
     </span>
     <span class='ocr_line' id='line_1_30' title="bbox 229 3554 1184 3641; baseline -0.003 -20"><span class='ocrx_word' id='word_1_206' title='bbox 229 3558 434 3621; x_wconf 86' lang='lat' dir='ltr'><strong>Consulimus</strong></span> <span class='ocrx_word' id='word_1_207' title='bbox 450 3578 535 3635; x_wconf 92' lang='lat' dir='ltr'><strong>sane,</strong></span> <span class='ocrx_word' id='word_1_208' title='bbox 552 3556 579 3620; x_wconf 92' lang='lat' dir='ltr'><strong>si</strong></span> <span class='ocrx_word' id='word_1_209' title='bbox 594 3579 658 3641; x_wconf 87' lang='lat' dir='ltr'><strong>qua</strong></span> <span class='ocrx_word' id='word_1_210' title='bbox 673 3556 844 3633; x_wconf 87' lang='lat' dir='ltr'><strong>abstulisti,</strong></span> <span class='ocrx_word' id='word_1_211' title='bbox 861 3555 888 3617; x_wconf 94' lang='lat' dir='ltr'><strong>si</strong></span> <span class='ocrx_word' id='word_1_212' title='bbox 903 3554 1014 3617; x_wconf 86' lang='lat' dir='ltr'><strong>laesisti</strong></span> <span class='ocrx_word' id='word_1_213' title='bbox 1030 3555 1184 3638; x_wconf 88' lang='lat' dir='ltr'><strong>aliquem,</strong></span> 
     </span>
     <span class='ocr_line' id='line_1_31' title="bbox 229 3657 1184 3748; baseline -0.002 -25"><span class='ocrx_word' id='word_1_214' title='bbox 229 3660 336 3723; x_wconf 88' lang='lat' dir='ltr'><strong>ablata</strong></span> <span class='ocrx_word' id='word_1_215' title='bbox 350 3659 529 3748; x_wconf 81' lang='lat' dir='ltr'><strong>restituere,</strong></span> <span class='ocrx_word' id='word_1_216' title='bbox 546 3666 579 3722; x_wconf 95' lang='lat' dir='ltr'><strong>et</strong></span> <span class='ocrx_word' id='word_1_217' title='bbox 594 3660 668 3723; x_wconf 90' lang='lat' dir='ltr'><strong>odia</strong></span> <span class='ocrx_word' id='word_1_218' title='bbox 681 3659 856 3723; x_wconf 86' lang='lat' dir='ltr'><strong>reformare</strong></span> <span class='ocrx_word' id='word_1_219' title='bbox 871 3658 907 3721; x_wconf 92' lang='lat' dir='ltr'><strong>in</strong></span> <span class='ocrx_word' id='word_1_220' title='bbox 922 3657 1072 3740; x_wconf 79' lang='lat' dir='ltr'><strong>gratiam.</strong></span> <span class='ocrx_word' id='word_1_221' title='bbox 1113 3658 1184 3721; x_wconf 92' lang='lat' dir='ltr'><strong>Hoc</strong></span> 
     </span>
     <span class='ocr_line' id='line_1_32' title="bbox 229 3760 1185 3847; baseline -0.002 -23"><span class='ocrx_word' id='word_1_222' title='bbox 229 3761 317 3824; x_wconf 91' lang='lat' dir='ltr'><strong>enim</strong></span> <span class='ocrx_word' id='word_1_223' title='bbox 335 3760 482 3825; x_wconf 91' lang='lat' dir='ltr'><strong>inimicos</strong></span> <span class='ocrx_word' id='word_1_224' title='bbox 501 3769 623 3826; x_wconf 88' lang='lat' dir='ltr'><strong>vestros</strong></span> <span class='ocrx_word' id='word_1_225' title='bbox 647 3762 812 3847; x_wconf 91' lang='lat' dir='ltr'><strong>potissime</strong></span> <span class='ocrx_word' id='word_1_226' title='bbox 831 3761 948 3824; x_wconf 90' lang='lat' dir='ltr'><strong>invitat</strong></span> <span class='ocrx_word' id='word_1_227' title='bbox 969 3761 1011 3824; x_wconf 92' lang='lat' dir='ltr'><strong>ad</strong></span> <span class='ocrx_word' id='word_1_228' title='bbox 1031 3782 1185 3844; x_wconf 84' lang='lat' dir='ltr'><strong>pugnam,</strong></span> 
     </span>
     <span class='ocr_line' id='line_1_33' title="bbox 230 3863 1182 3949; baseline -0.002 -21"><span class='ocrx_word' id='word_1_229' title='bbox 230 3865 315 3949; x_wconf 89' lang='lat' dir='ltr'><strong>quod</strong></span> <span class='ocrx_word' id='word_1_230' title='bbox 336 3864 507 3927; x_wconf 89' lang='lat' dir='ltr'><strong>intestinos</strong></span> <span class='ocrx_word' id='word_1_231' title='bbox 528 3865 636 3928; x_wconf 90' lang='lat' dir='ltr'><strong>hostes</strong></span> <span class='ocrx_word' id='word_1_232' title='bbox 659 3867 804 3929; x_wconf 91' lang='lat' dir='ltr'><strong>sentiunt</strong></span> <span class='ocrx_word' id='word_1_233' title='bbox 826 3887 880 3928; x_wconf 89' lang='lat' dir='ltr'><strong>vos</strong></span> <span class='ocrx_word' id='word_1_234' title='bbox 902 3864 1043 3928; x_wconf 73' lang='lat' dir='ltr'><strong>haberet</strong></span> <span class='ocrx_word' id='word_1_235' title='bbox 1071 3872 1105 3929; x_wconf 90' lang='lat' dir='ltr'><strong>et</strong></span> <span class='ocrx_word' id='word_1_236' title='bbox 1127 3863 1182 3948; x_wconf 93' lang='lat' dir='ltr'><strong>qui</strong></span> 
     </span>
     <span class='ocr_line' id='line_1_34' title="bbox 229 3967 1187 4052; baseline -0.004 -18"><span class='ocrx_word' id='word_1_237' title='bbox 229 3970 392 4034; x_wconf 81' lang='lat' dir='ltr'><strong>vobiscum</strong></span> <span class='ocrx_word' id='word_1_238' title='bbox 424 3968 532 4031; x_wconf 90' lang='lat' dir='ltr'><strong>dulces</strong></span> <span class='ocrx_word' id='word_1_239' title='bbox 563 3967 694 4052; x_wconf 92' lang='lat' dir='ltr'><strong>capiunt</strong></span> <span class='ocrx_word' id='word_1_240' title='bbox 725 3969 813 4033; x_wconf 88' lang='lat' dir='ltr'><strong>cibos</strong></span> <span class='ocrx_word' id='word_1_241' title='bbox 839 3969 915 4032; x_wconf 89' lang='lat' dir='ltr'><strong>data</strong></span> <span class='ocrx_word' id='word_1_242' title='bbox 944 3967 1187 4051; x_wconf 88' lang='lat' dir='ltr'><strong>opportunitate</strong></span> 
     </span>
     <span class='ocr_line' id='line_1_35' title="bbox 229 4071 1187 4158; baseline -0.004 -21"><span class='ocrx_word' id='word_1_243' title='bbox 229 4072 485 4158; x_wconf 86' lang='lat' dir='ltr'><strong>magnificabunt</strong></span> <span class='ocrx_word' id='word_1_244' title='bbox 503 4094 664 4155; x_wconf 86' lang='lat' dir='ltr'><strong>supervos</strong></span> <span class='ocrx_word' id='word_1_245' title='bbox 680 4072 984 4157; x_wconf 88' lang='lat' dir='ltr'><strong>supplantationem.</strong></span> <span class='ocrx_word' id='word_1_246' title='bbox 1031 4071 1187 4134; x_wconf 85' lang='lat' dir='ltr'><strong>Maledic-</strong></span> 
     </span>
     <span class='ocr_line' id='line_1_36' title="bbox 231 4174 1187 4258; baseline -0.003 -17"><span class='ocrx_word' id='word_1_247' title='bbox 231 4184 285 4241; x_wconf 88' lang='lat' dir='ltr'><strong>tus</strong></span> <span class='ocrx_word' id='word_1_248' title='bbox 301 4178 356 4254; x_wconf 83' lang='lat' dir='ltr'><strong>qui</strong></span> <span class='ocrx_word' id='word_1_249' title='bbox 371 4176 504 4241; x_wconf 87' lang='lat' dir='ltr'><strong>confidit</strong></span> <span class='ocrx_word' id='word_1_250' title='bbox 526 4175 561 4238; x_wconf 92' lang='lat' dir='ltr'><strong>in</strong></span> <span class='ocrx_word' id='word_1_251' title='bbox 583 4175 723 4254; x_wconf 91' lang='lat' dir='ltr'><strong>homine,</strong></span> <span class='ocrx_word' id='word_1_252' title='bbox 740 4182 773 4238; x_wconf 91' lang='lat' dir='ltr'><strong>et</strong></span> <span class='ocrx_word' id='word_1_253' title='bbox 795 4174 887 4258; x_wconf 90' lang='lat' dir='ltr'><strong>ponit</strong></span> <span class='ocrx_word' id='word_1_254' title='bbox 910 4195 1040 4238; x_wconf 86' lang='lat' dir='ltr'><strong>carnem</strong></span> <span class='ocrx_word' id='word_1_255' title='bbox 1058 4174 1187 4238; x_wconf 87' lang='lat' dir='ltr'><strong>fortitu·</strong></span> 
     </span>
    </p>
   </div>
   <div class='ocr_carea' id='block_1_5' title="bbox 0 0 1422 4920">
    <p class='ocr_par' dir='ltr' id='par_1_5' title="bbox 0 0 1422 4920">
     <span class='ocr_line' id='line_1_37' title="bbox 0 0 1422 4920; baseline 0 0"><span class='ocrx_word' id='word_1_256' title='bbox 0 0 1422 4920; x_wconf 95' lang='lat' dir='ltr'><strong> </strong></span> 
     </span>
    </p>
   </div>
  </div>
 </body>
</html>
