2834 4920
239 456 279 519 16
570 471 722 517 aauunrr
739 472 860 516 naxos.

235 592 348 655 datum
364 596 412 653 est
427 609 485 673 pro
504 589 633 652 aeternis
648 589 833 652 transitoria
850 592 1057 652 commutare.
1103 590 1187 655 Feli-

235 695 335 759 ciores
358 700 433 757 sunt
455 692 511 775 qui
532 698 670 755 mortem
692 692 742 754 vel
759 692 937 774 corporales
957 691 1090 776 injurias
1108 702 1187 758 sunt

235 797 367 880 experti,
384 803 417 860 et
436 794 686 877 impreciabilem
707 793 897 876 sanguinem
917 794 1038 859 Christi
1056 817 1114 860 suo
1137 796 1185 860 in-

235 901 334 983 digno
349 906 382 963 et
397 898 596 981 corruptibili
616 897 773 980 sanguine
792 905 1051 980 compensarunt.
1097 899 1187 965 Quid

234 1003 345 1067 enim?
388 1001 549 1085 Nunquid
562 1023 629 1065 non
651 1001 841 1083 sanguinem
856 1000 977 1064 Christi
997 1002 1033 1064 in
1055 1023 1187 1068 causam

233 1112 352 1170 nostrae
366 1104 595 1187 redemptionis
611 1103 830 1186 expendimus,
839 1110 877 1167 ut
892 1103 999 1186 ipsum
1014 1105 1044 1168 ei
1057 1106 1093 1168 in
1102 1113 1185 1170 tem·

233 1231 310 1294 pore
324 1208 554 1286 retributionis,
571 1208 690 1271 scilicet
707 1207 863 1289 cumipse
878 1208 1068 1289 requisierit,
1084 1211 1184 1274 solve·
1240 1246 1248 1273 r

232 1314 363 1377 remus?
408 1312 582 1374 Mutuatus
605 1318 654 1373 est
671 1315 828 1392 peccator,
844 1315 877 1373 et
897 1331 963 1373 non
982 1312 1101 1375 solvet:
1125 1335 1185 1378 nos

232 1424 352 1493 autem,
371 1412 512 1478 Domino
532 1413 715 1488 miserante,
732 1412 899 1491 solvemus,
917 1413 971 1495 qui
993 1416 1185 1481 confitemur

232 1539 291 1582 nos
321 1539 388 1580 non
418 1515 552 1579 artificio
582 1514 674 1593 civili,
705 1515 762 1578 sed
790 1535 825 1578 re
854 1515 924 1598 ipsa
949 1516 1184 1584 interveniente
1223 1525 1224 1528 ’

232 1620 422 1684 naturaliter
451 1618 618 1701 obligatos.
679 1616 825 1696 Utinam,
855 1617 940 1682 bone
969 1620 1057 1698 Jesu,
1088 1621 1185 1686 detur

232 1723 360 1788 etmihi
378 1728 487 1786 tecum
503 1743 561 1804 pro
579 1720 799 1804 spiritualibus
819 1721 884 1784 tuis
902 1724 1091 1805 temporalia
1110 1747 1184 1790 mea

231 1834 438 1891 commutare.
488 1824 624 1889 Utinam
645 1824 836 1906 sanguinem
855 1845 965 1888 meum
979 1826 1040 1889 tibi
1053 1849 1112 1910 pro
1126 1835 1185 1894 tuo

230 1931 370 2013 recipere
387 1930 512 2013 placeat
531 1928 719 2006 insolutum,
735 1928 786 1990 vel
804 1927 879 2010 quia
900 1929 1013 1992 crediti
1029 1937 1061 1994 et
1082 1931 1183 1996 debiti

231 2033 407 2115 sanguinis,
424 2032 543 2095 scilicet
563 2031 613 2094 tui
635 2037 668 2093 et
683 2030 755 2107 mei,
770 2030 908 2094 invicem
928 2032 1098 2096 aestimatio
1114 2057 1183 2099 non

231 2134 402 2212 concurrit,
435 2133 549 2196 saltem
580 2132 812 2214 benignissima
850 2134 1093 2217 acceptilatione
1124 2144 1183 2202 tua

229 2237 384 2301 liberatus
407 2236 560 2314 absolvar,
581 2257 644 2318 qua
666 2235 786 2299 scilicet
808 2236 1001 2301 consuevisti
1019 2239 1182 2323 justitiam

230 2344 360 2423 accepto
381 2340 464 2403 ferre
485 2339 554 2403 sine
573 2338 733 2422 operibus,
755 2344 788 2402 et
809 2340 941 2422 praemia
958 2340 1027 2406 sine
1046 2345 1180 2424 meritis,

229 2465 287 2528 pro
303 2444 408 2526 gratia
422 2442 542 2507 scilicet
556 2442 650 2508 bonae
665 2442 799 2506 actionis
811 2443 949 2525 gratiam
959 2445 1180 2512 retributionis

229 2546 355 2612 inferre.

432 2867 499 2931 III.
524 2868 679 2932 SERMO
702 2869 755 2932 IN
779 2867 972 2934 SYNODO.

221 3118 225 3123 ,
273 3051 361 3117 Qurs
376 3057 471 3134 putas
486 3052 588 3115 fidelis
603 3072 712 3117 servus
722 3059 765 3121 ,et
784 3054 935 3137 prudens,
952 3078 1047 3140 quem
1062 3061 1179 3125 consti-

227 3154 292 3218 tuit
308 3154 466 3218 Dominus
482 3176 577 3238 super
590 3155 744 3219 familiam
760 3179 861 3236 suam,
871 3165 909 3222 ut
925 3159 980 3223 det
994 3161 1057 3224 illis
1072 3163 1180 3228 cibum

226 3256 263 3319 in
284 3259 451 3340 tempore?
486 3259 607 3322 Beatus
628 3258 682 3323 ille
705 3282 823 3339 servus,
840 3283 936 3343 quem
959 3284 1034 3327 cum
1055 3269 1179 3332 venerit

228 3359 387 3439 dominus,
402 3360 561 3425 invenerit
575 3362 773 3444 vigilantem.
803 3363 956 3443 Ecclesia,
969 3367 1051 3431 sicut
1066 3370 1178 3449 nostis,

226 3463 341 3527 fratres
356 3465 520 3544 carissimi,
537 3468 742 3552 congregatio
758 3468 899 3532 fidelium
915 3469 1044 3534 dicitur.
1085 3472 1179 3536 Fide·

225 3564 272 3629 les
298 3573 408 3629 autem
434 3575 520 3647 sunt,
546 3570 601 3651 qui
627 3578 801 3635 censentur
826 3572 958 3635 nomine
985 3573 1178 3654 Christiano,

227 3667 282 3751 qui
312 3668 432 3731 scilicet
458 3669 498 3733 de
524 3672 689 3753 agnitione
715 3674 790 3738 fidei
816 3675 980 3739 catholicae
1004 3677 1180 3742 Christiani

225 3769 366 3834 nominis
381 3772 578 3835 contrahunt
594 3773 796 3856 dignitatem.
842 3778 937 3841 Fides
957 3779 1044 3842 enim
1060 3779 1125 3843 ista
1139 3781 1179 3844 de

226 3872 356 3937 Christo
390 3879 423 3937 et
458 3896 477 3937 a
506 3875 636 3940 Christo
670 3885 729 3957 est,
758 3880 895 3964 ideoque
926 3881 1110 3946 Christiana
1139 3883 1180 3948 de

225 3976 357 4041 nomine
377 3976 497 4058 proprii
516 3985 724 4061 nuncupatur
744 3983 901 4047 auctoris:
929 3984 1086 4048 catholica
1104 4007 1179 4050 vero

225 4079 330 4144 idest
352 4080 542 4159 communis,
558 4088 626 4144 tam
648 4089 778 4165 propter
797 4093 957 4169 praecepta
979 4088 1178 4170 generalium
