2834 4920
265 478 305 541 12
600 499 751 542 aauunrr
768 499 884 543 nuxov.

264 612 349 696 cipes
372 621 517 698 possunt,
542 636 639 698 quam
664 616 750 698 quod
772 616 808 678 in
834 637 887 680 eos
912 617 1049 680 contulit
1072 616 1216 700 dignatio

262 717 439 799 largientis.
504 716 666 782 Praeterea
694 719 850 782 habemus
885 718 1089 783 assistentem
1124 721 1216 785 nobis

262 819 360 882 etiam
383 820 559 883 Christum.
605 822 721 903 Neque
744 822 832 884 enim
857 822 1035 885 Ecclesiam
1061 844 1099 886 ea
1121 823 1215 887 nobis

261 922 445 985 conditione
470 923 613 1001 tradidit,
637 928 676 986 ut
696 923 911 1005 relinqueret:
935 944 1059 1006 semper
1083 927 1213 990 assistit.

260 1024 339 1087 Non
358 1025 549 1108 relinquam,
570 1025 686 1108 inquit,
704 1047 760 1088 vos
779 1026 949 1108 orphanos,
965 1025 1045 1090 vado
1068 1035 1101 1090 et
1120 1029 1214 1092 venio

261 1127 303 1190 ad
319 1149 384 1206 vos,
402 1128 567 1191 vobiscum
584 1149 686 1210 usque
710 1127 750 1191 ad
771 1128 1081 1192 consummationem
1105 1132 1214 1194 saeculi
1270 1201 1276 1211 ,

259 1249 497 1313 permansurus.
544 1229 684 1313 Adjntor
701 1229 810 1312 itaque
825 1236 857 1292 et
875 1236 1037 1311 protector
1056 1231 1149 1294 nobis
1165 1241 1213 1297 est

258 1330 294 1393 in
317 1333 463 1395 salutem.
509 1333 593 1395 Cum
616 1331 774 1414 adjutorio
793 1331 901 1415 itaque
923 1339 972 1395 tot
993 1333 1212 1398 assistentium

258 1435 351 1499 nobis
373 1437 464 1499 nulla
484 1457 545 1499 nos
568 1436 664 1499 debet
686 1435 863 1498 absterrere
882 1436 1098 1514 comminatio,
1122 1437 1213 1501 nulla

257 1538 436 1621 persecutio
453 1559 609 1615 revocare,
624 1538 724 1600 immo
745 1543 830 1600 stare
845 1537 1000 1600 debemus
1015 1560 1054 1601 ex
1069 1539 1210 1618 adverso,

258 1648 291 1704 et
320 1662 479 1724 opponere
504 1641 715 1723 nosmetipsos
744 1661 874 1702 murum
897 1661 955 1723 pro
980 1641 1075 1704 domo
1098 1643 1209 1706 Israel.

154 1822 155 1826 Ἰ
257 1743 375 1806 Fidelis
405 1750 514 1807 autem
543 1744 643 1821 Deus,
668 1741 724 1825 qui
753 1763 819 1805 non
843 1743 986 1825 patietur
1009 1765 1064 1806 vos
1089 1745 1211 1808 tentari

258 1867 354 1929 supra
367 1846 402 1909 id
417 1847 502 1929 quod
517 1846 659 1930 potestis,
672 1845 727 1909 sed
741 1844 837 1909 faciet
852 1866 926 1908 cum
941 1846 1122 1910 tentatione
1137 1869 1209 1930 pro-

256 1956 400 2028 ventum,
415 1957 453 2012 ut
472 1949 599 2032 possitis
620 1949 787 2012 sustinere.
834 1949 940 2011 Immo
961 1948 1059 2011 etiam
1077 1949 1209 2013 adcon·

256 2050 423 2114 fidentiam
434 2052 573 2114 victoriae
584 2050 768 2113 obtinendae
780 2071 836 2112 suo
851 2071 909 2113 nos
921 2049 1037 2114 invitat
1052 2052 1207 2135 exemplo.

257 2151 428 2230 Confidite,
442 2153 569 2234 inquit:
593 2174 653 2233 ego
668 2152 729 2215 vici
744 2152 913 2215 mundum.
946 2153 982 2214 Si
993 2153 1091 2215 semel
1105 2153 1209 2217 victus
1226 2221 1230 2226 ,

257 2260 315 2331 est,
330 2275 398 2316 non
418 2261 486 2317 erat
501 2255 695 2317 invincibilis
710 2255 870 2317 mundus:
893 2255 1018 2318 facilius
1034 2255 1127 2318 nobis
1147 2257 1209 2321 erit

254 2356 396 2420 victoria
414 2356 536 2419 rictum
565 2356 690 2420 vincere
721 2379 817 2440 quam
842 2356 1008 2420 invictum.
1060 2357 1208 2422 Christus

255 2459 450 2523 vincendum
484 2481 652 2543 aggressus
687 2468 746 2538 est,
777 2467 810 2522 et
845 2459 969 2523 devicit.
1029 2459 1207 2524 Dicebatur

255 2566 451 2650 aliquando:
489 2566 572 2629 Vide
602 2566 742 2630 Domine
776 2571 810 2630 et
843 2565 1018 2643 considera,
1054 2566 1207 2648 quoniam

255 2677 380 2734 erectus
403 2678 451 2734 est
473 2670 640 2734 inimicus:
664 2692 752 2734 nuno
775 2676 885 2733 autem
902 2669 1029 2747 dicitur,
1053 2669 1206 2752 quoniam

255 2773 397 2857 dejectus
413 2781 461 2837 est
476 2775 636 2838 inimicus.
670 2773 875 2837 Fiducialiter
890 2771 1022 2854 aggredi
1036 2793 1205 2854 possumus

250 2876 413 2958 jacentem
431 2884 463 2939 et
478 2877 620 2954 victum3
645 2877 719 2958 quia
734 2877 761 2939 si
780 2876 921 2958 dejectus
937 2881 996 2952 est,
1012 2896 1079 2937 non
1099 2895 1204 2938 resur-

253 2985 326 3060 get,
350 2979 377 3039 si
395 2977 591 3054 victus,·non
610 2985 793 3062 praesumet.
838 2978 940 3041 Nulla
961 2976 1061 3060 ipsius
1082 2999 1121 3041 ex
1141 2978 1203 3042 hoc

253 3100 341 3142 nunc
355 3080 555 3158 resurrectio,
567 3081 617 3144 vel
631 3081 837 3164 praesumptio
852 3080 1046 3163 praevalebit.
1092 3079 1203 3144 Timeo

252 3188 372 3259 tamen,
402 3202 444 3244 ne
481 3183 595 3266 aliquis
631 3184 715 3247 forte
748 3185 998 3260 submurmuret,
1028 3203 1203 3266 praesump-

251 3290 382 3347 tuosum
397 3285 505 3348 dicens
515 3287 658 3350 aemulari
673 3294 774 3350 tantae
788 3285 993 3369 perfectionis
1009 3285 1201 3367 exemplum.

252 3386 368 3464 Facile,
394 3388 510 3471 inquit,
538 3395 606 3453 erat
636 3389 765 3453 Christo
795 3388 954 3451 mundum
982 3386 1120 3465 vincere,
1148 3388 1203 3469 qui

251 3496 411 3552 creaverat
431 3490 600 3554 mundum.
646 3492 860 3574 Omnipotens
883 3489 970 3553 enim
987 3509 1107 3551 nomen
1123 3489 1201 3572 ejus,

251 3590 303 3654 cui
316 3590 403 3654 idem
418 3600 466 3656 est
483 3600 515 3656 et
530 3594 610 3658 velle
625 3601 657 3658 et
672 3617 781 3679 posse:
805 3593 885 3656 mihi
900 3613 968 3655 non
981 3591 1037 3666 ita,
1049 3591 1202 3673 quoniam

247 3693 396 3760 infirmus
419 3715 500 3773 sum,
527 3703 560 3759 et
583 3697 775 3760 conturbata
797 3702 873 3759 sunt
898 3694 1006 3758 omnia
1026 3715 1097 3756 ossa
1117 3714 1200 3756 mea.

250 3795 357 3858 Omne
373 3796 492 3860 scilicet
506 3797 605 3861 robur
620 3807 746 3864 naturae
760 3821 840 3862 meae
854 3797 977 3880 peccati
992 3796 1199 3878 corruptione

250 3905 299 3962 est
328 3919 529 3979 concussum,
560 3907 593 3964 et
626 3901 698 3966 ideo
728 3900 909 3965 substantia
942 3919 1014 3962 mea
1043 3904 1199 3979 tanquam

248 4001 387 4065 nihilum
417 4021 524 4065 coram
553 4002 632 4086 ipso.
680 4004 744 4068 Sed
773 4023 986 4086 nequaquam,
1013 3999 1136 4063 domini
1166 4006 1200 4061 et

247 4109 353 4185 patres
383 4105 456 4183 mei,
488 4105 706 4188 diffidendum,
730 4125 933 4189 nequaquam
963 4099 1197 4186 desperandum
