2834 4920
226 529 290 591 116
555 549 706 590 annuum
724 549 846 592 iuxov.

224 664 310 726 libus
330 663 508 725 fautoribus
529 663 603 740 suis,
625 685 684 726 nos
705 664 744 726 de
763 663 927 726 communi
946 663 1084 725 fratrum
1105 665 1178 725 nos·

225 775 351 831 trorum
366 766 508 843 consilio,
525 766 559 828 in
575 787 667 829 coena
682 766 815 829 Domini
833 766 960 848 publice
976 787 1013 828 ac
1029 765 1178 828 solemni-

227 877 278 932 ter
300 867 591 931 excommunicasse
614 889 796 949 cognoscas.
842 868 929 931 Data
951 869 1081 950 Anagn.
1105 867 1177 930 Kal.

228 971 357 1053 Aprilis.
1068 980 1070 984 '

315 1219 368 1279 23.
392 1216 447 1277 Ad
462 1216 718 1296 Arcaiapiacopoe
733 1221 763 1277 et
778 1213 950 1295 Episcopoe
964 1215 1096 1295 Acyllae.
1185 1191 1189 1194 i

275 1391 407 1479 Quanta
442 1397 634 1474 tempestate
669 1390 794 1453 laboret
831 1388 995 1466 Ecclesia,
1016 1394 1113 1471 atque
1147 1385 1182 1450 in

231 1494 352 1575 quanto
374 1493 520 1556 videatur
541 1493 682 1576 periculo
706 1491 892 1569 constituta,
908 1497 1014 1554 vestra
1032 1512 1111 1573 quos
1131 1490 1183 1552 hic

231 1597 320 1659 dolor
335 1597 441 1678 tangit
456 1595 628 1678 prudentia
647 1617 714 1659 non
734 1594 873 1676 ignorat.
919 1594 963 1657 Et
978 1593 1036 1655 filii
1053 1592 1182 1674 quidem

231 1699 405 1782 Babylonis
426 1699 624 1782 prospiciunt
645 1705 677 1761 et
699 1698 855 1774 exultant,
872 1697 927 1780 qui
949 1696 1039 1779 quasi
1060 1703 1183 1760 certum

231 1802 432 1885 auspicantes
458 1801 497 1865 de
521 1802 732 1884 procellarum
761 1799 942 1883 quantitate
967 1799 1182 1881 naufragium,

231 1905 272 1967 ad
287 1904 481 1988 diripiendas
500 1905 639 1968 sarcinas
660 1911 692 1967 ct
713 1905 782 1987 ipsa
804 1902 924 1984 navigii
943 1903 1091 1966 tabulata
1110 1923 1183 1964 con·

232 2016 375 2071 currunt.
421 2007 525 2072 Nobis
552 2014 661 2071 autem
688 2007 893 2069 securitatem
919 2011 1050 2088 praestat
1078 2004 1184 2067 divina

230 2107 408 2194 promissio,
425 2132 488 2193 qua
507 2118 615 2192 portas
635 2110 729 2173 inferi
750 2109 900 2173 adversus
921 2130 992 2171 cam
1012 2105 1184 2191 praevalere

232 2234 299 2275 non
324 2213 409 2290 sinit,
427 2212 482 2275 scd
506 2213 682 2276 vexationis
704 2212 838 2296 injurias
862 2211 1002 2275 victoriae
1025 2209 1184 2274 certitudo

232 2321 427 2396 compensat.
472 2314 588 2396 Neque
608 2315 695 2378 enim
716 2314 931 2396 desperationi
949 2315 1038 2377 loeus
1053 2321 1113 2391 est,
1130 2311 1185 2376 ubi

234 2439 363 2480 causam
382 2417 542 2480 rectitudo
562 2417 776 2495 commendat,
793 2425 826 2479 et
846 2417 999 2480 virtutem
1020 2415 1185 2498 patientia

233 2522 340 2583 firmat
355 2520 485 2583 interim
501 2521 696 2583 conscientia
709 2520 861 2583 veritatis.
898 2520 1010 2582 Causae
1027 2517 1184 2601 siquidem

234 2631 352 2687 nostrae
366 2645 426 2687 nec
441 2624 553 2706 ignota
567 2620 684 2687 veritas
700 2630 758 2701 est,
771 2644 831 2686 nec
845 2623 969 2686 incerta
981 2622 1118 2704 justitia,
1130 2619 1185 2684 scd

224 2749 285 2790 res
299 2728 371 2790 luce
392 2727 506 2791 clarior
527 2734 559 2791 et
579 2723 744 2811 pravitatis
765 2725 852 2788 nube
872 2726 1041 2805 negotium
1060 2724 1186 2807 purgat,

236 2839 268 2893 et
284 2830 373 2894 omni
389 2831 548 2914 judicium
569 2830 704 2893 absolvit
726 2824 840 2892 errore.
889 2828 924 2889 Si
946 2828 1032 2891 enim
1053 2838 1187 2910 persona

235 2953 378 3016 personae
401 2940 613 3015 comparetur,
637 2939 781 2995 nostram
804 2930 956 3013 perfectio
979 2930 1130 3008 scientiae,
1154 2930 1186 2993 et

236 3036 382 3099 omnium
397 3035 554 3098 virtutum
574 3031 692 3098 format
707 3035 885 3116 integritas,
903 3033 988 3116 quod
1002 3031 1070 3098 non
1085 3033 1186 3116 magis

237 3144 364 3215 nostrae,
391 3159 487 3218 quam
514 3136 700 3200 adversariae
725 3159 851 3221 quoquc
877 3137 977 3220 partis
1002 3134 1186 3201 testimonio

225 3240 455 3303 confirmatur.
512 3241 616 3303 Alteri
645 3263 720 3304 vero
744 3241 777 3304 si
807 3236 958 3304 nobilitas
989 3240 1138 3322 generis,
1152 3244 1187 3302 *et

239 3343 372 3427 quaesita
387 3335 428 3408 ob
443 3344 504 3407 hoc
519 3336 624 3427 ipsum
644 3345 827 3428 potentium
848 3344 951 3426 gratia
968 3341 1186 3420 subtrahatur,

238 3469 305 3511 non
335 3448 396 3511 erit
419 3446 506 3510 unde
534 3447 574 3510 ad
600 3447 778 3530 majestatis
803 3446 995 3530 Apostolicae
1024 3444 1187 3528 fastigium

240 3550 356 3613 audeat
371 3552 519 3634 aspirare.
567 3549 630 3613 Sed
646 3548 721 3613 etsi
735 3551 821 3613 facta
841 3549 1035 3613 electionum
1052 3549 1188 3611 invicem

239 3652 446 3716 conferantur
464 3654 653 3717 electionem
677 3660 821 3717 nostram
846 3653 934 3715 omni
957 3652 1079 3729 ordine,
1101 3649 1188 3715 omni

240 3755 453 3833 solemnitate,
478 3757 566 3819 omni
587 3757 724 3839 denique
743 3756 868 3819 ratione
888 3751 1077 3832 subnixam,
1112 3755 1188 3818 alte-

238 3880 309 3921 ram
334 3859 463 3941 plenam
488 3860 690 3941 impudentia
716 3865 850 3936 constat,
876 3867 909 3922 et
938 3859 1028 3922 omni
1057 3855 1189 3921 rationis

241 3961 434 4025 adminiculo
455 3962 653 4025 destitutam.
698 3960 868 4044 Numquid
889 3961 975 4024 enim
996 3959 1096 4023 unius
1115 3959 1188 4042 Epi-

241 4066 335 4149 scopi,
351 4066 512 4149 ipsiusque
528 4086 623 4146 quem
641 4065 752 4142 nostis,
769 4071 801 4128 et
817 4065 953 4128 duorum
970 4064 1189 4128 Cardinalium

239 4169 300 4232 toti
326 4168 479 4235 Ecclesiae
504 4168 725 4251 praejudicabit
755 4167 937 4244 auctoritas,
963 4174 996 4229 et
1021 4163 1190 4251 reprobata
