2834 4920
282 552 326 611 40
617 569 767 612 annuam
785 568 906 613 nnxov.

283 686 390 752 Quem
405 705 510 767 neque
525 684 684 748 viventem
700 685 845 769 capiebat
860 693 956 766 terra,
972 707 1033 751 nec
1047 709 1134 751 unus

325 788 525 852 Defunctum
542 787 649 870 potuit
665 788 859 871 consepelire
874 790 972 853 locus.

283 893 325 955 In
340 891 403 954 tria
417 891 555 973 partitus
570 911 629 953 sua
640 891 715 974 jura
730 890 908 974 quibusque
923 893 1068 975 resignat

325 995 486 1072 Partibus,
503 996 667 1060 illustrans
684 997 728 1059 sic
743 997 806 1060 tria
820 1018 921 1080 regna
935 998 1050 1063 tribua.

284 1099 417 1181 Spiritui
433 1101 560 1177 coelum,
578 1099 665 1163 cordi
681 1100 873 1182 cerebroque
889 1100 995 1164 dicata
1009 1109 1059 1164 est

324 1202 488 1280 Neustria,
505 1203 591 1284 quod
606 1202 737 1265 dederat
752 1203 872 1285 Anglia
887 1224 1001 1287 corpus
1015 1203 1123 1269 habet.

281 1306 360 1369 Pars
376 1305 470 1384 bona,
486 1328 558 1388 pars
578 1306 700 1383 melior,
716 1327 789 1388 pars
804 1307 934 1389 optima,
951 1329 1024 1390 pars
1039 1330 1097 1372 sua
1114 1308 1232 1392 cuique

324 1409 450 1492 Anglis‚
466 1409 675 1485 Normannis,
692 1408 922 1491 caelitibusque
937 1409 1014 1473 data
1028 1417 1087 1474 est.
1151 1489 1154 1493 .

282 1511 369 1576 Hinc
399 1519 505 1596 patres
535 1513 744 1594 animumque
773 1513 914 1591 trahens,
946 1514 1002 1578 sed
1030 1515 1112 1579 forte
1145 1517 1232 1599 apud

367 1617 491 1698 Anglos

322 1719 449 1797 Editus,
464 1719 517 1782 hic
533 1718 685 1801 gladium,
702 1724 826 1801 sceptra
842 1718 973 1802 gerebat
988 1720 1055 1783 ibi:

281 1823 386 1889 Quem
402 1822 610 1887 decedentem
626 1843 700 1885 cum
715 1843 780 1885 nox
795 1829 938 1886 extrema
953 1823 1146 1888 Novembris

326 1926 488 2003 Solvisset,
506 1926 607 1990 secuit
622 1925 726 2009 prima
741 1923 928 1989 Decembris
943 1947 1028 1990 eum.

375 2097 426 2158 10.
454 2094 607 2167 Quomodo
616 2096 752 2174 pauperi
766 2095 815 2157 vel
828 2095 919 2158 diviti
931 2097 973 2158 ait
988 2097 1132 2162 dandam.

280 2231 344 2294 Res
360 2230 494 2312 simplex
508 2229 626 2311 triplici
641 2230 718 2293 vitio
734 2229 887 2294 damnata
901 2231 1024 2296 decoris

322 2332 488 2415 Expressit
504 2339 646 2396 mentem
661 2340 758 2416 rupta
772 2334 889 2416 pusilla
902 2341 1005 2399 vetus.

281 2437 316 2499 Si
332 2436 402 2519 quis
417 2435 499 2499 forte
514 2434 635 2517 aliquid
650 2436 759 2519 largiri
774 2445 865 2500 curat
881 2459 994 2521 egeno,

322 2539 375 2602 Ad
390 2539 587 2623 paupertatis
602 2541 791 2624 respiciatur
807 2563 899 2606 onus.

279 2643 358 2708 Non
374 2643 564 2726 elephantus
579 2645 609 2707 ei
625 2645 758 2724 dandus,
774 2667 841 2708 non
856 2646 1007 2711 Parthica
1020 2648 1125 2731 tigria,

323 2748 402 2813 Non
418 2749 588 2832 quicquam
604 2750 688 2832 quod
704 2771 779 2813 eum
794 2756 888 2833 cogat
903 2771 997 2833 egere
1011 2752 1114 2834 magis
1127 2776 1134 2815 :

280 2852 359 2916 Non
374 2853 444 2916 volo
460 2852 545 2934 quod
560 2852 656 2916 faciat
672 2852 711 2915 de
726 2874 864 2936 paupere
879 2854 1111 2936 pauperiorem,

323 2955 364 3017 Id
378 2955 449 3017 volo
465 2954 551 3036 quod
565 2955 671 3035 potius
685 2954 827 3019 utilitate
841 2955 990 3039 probem'

281 3053 369 3121 Quid
386 3055 466 3118 mihi
482 3056 508 3118 si
523 3077 642 3119 munus
656 3057 760 3121 honor
773 3059 945 3124 illustravit
960 3060 1077 3140 inanis,

324 3159 408 3223 Cum
423 3179 513 3222 meus
528 3158 671 3223 extincto
685 3160 801 3244 frigeat
815 3163 892 3246 igne
907 3164 1020 3228 focus?

279 3263 368 3326 Pane
384 3261 541 3326 cibandus
554 3263 656 3347 inops,
673 3287 740 3328 non
754 3266 940 3330 illudendus
954 3269 1077 3334 honore
1092 3276 1150 3348 est,

324 3366 454 3448 Frigida
468 3367 508 3431 de
523 3388 622 3431 vacuo
638 3369 741 3451 gratia
756 3377 866 3434 ventre
881 3372 979 3435 venit.

280 3469 402 3532 Contra
417 3469 568 3534 divitibus
583 3493 703 3535 munus
719 3473 803 3555 quod
818 3474 952 3556 quilibet
968 3476 1071 3556 offert,

323 3573 453 3635 Formet
468 3574 589 3637 honore
605 3576 718 3659 magis,
733 3577 875 3640 utilitate
893 3578 1012 3642 minus.

279 3675 425 3738 Illustret
441 3698 507 3739 non
523 3677 700 3756 subveniat,
717 3700 758 3742 ne
774 3681 901 3763 quando
915 3680 1069 3764 probetur

322 3778 447 3841 Munus
464 3780 549 3861 quod
563 3787 702 3859 tantum,
720 3783 776 3845 sed
790 3784 866 3866 quia
880 3785 944 3848 tale
959 3785 1032 3849 fuit.

280 3881 427 3964 Cumque
443 3881 526 3945 datis
541 3883 619 3946 insit
634 3884 733 3946 animi
749 3885 898 3950 donantis
913 3889 1030 3972 imago,

321 3986 392 4050 Nec
408 3986 501 4049 dator
517 3986 667 4049 affectum
683 3987 884 4054 dissimulare
899 3999 1005 4075 queat,

279 4090 320 4153 Id
335 4091 391 4155 des
407 4090 493 4174 quod
508 4111 632 4173 semper
647 4091 772 4156 videare
788 4093 912 4159 dedisse
927 4094 1076 4175 libenter,

321 4194 373 4257 Ne
389 4216 518 4277 parcam
534 4194 671 4277 prodant
688 4194 772 4260 dona
786 4197 887 4261 recisa
901 4221 1047 4263 manum.
