2834 4920
233 519 298 580 220
566 534 718 578 nanuum
736 533 849 576 orxov.

231 657 361 733 possent
386 649 421 711 in
447 649 553 732 aliquo
580 647 758 730 denigrare,
782 653 984 730 vestramque
1011 648 1053 711 ad
1084 647 1188 711 ambi·

233 775 334 834 guum
364 752 566 834 aliquatenus
600 751 728 814 trahere
763 749 978 813 sanctitatem.
1040 751 1190 813 Audistis

232 876 295 933 eos,
312 863 345 919 et
359 855 462 937 magis
478 876 575 938 quam
590 855 753 937 expediret
774 854 855 917 mihi
874 855 973 918 etiam
989 855 1189 932 exaudistis;

232 959 384 1041 quoniam
400 957 515 1021 absens
531 964 564 1020 et
583 957 748 1034 innocens,
764 957 917 1040 nulloque
935 958 1055 1020 citatus
1071 958 1187 1035 edicto,

232 1062 366 1144 punitus
382 1083 451 1123 sum
469 1068 502 1124 et
517 1081 556 1123 ex
570 1081 689 1142 magna
704 1059 798 1122 officii
817 1059 1003 1142 episcopalis
1018 1061 1084 1123 mci
1098 1067 1189 1143 parte

232 1185 414 1247 suspensus,
431 1163 579 1247 ipsosque
598 1162 639 1225 ad
660 1162 795 1225 dicenda
815 1170 847 1226 et
868 1162 1016 1225 facienda
1036 1184 1109 1246 quae
1123 1163 1187 1226 vel-

231 1267 301 1330 lent
323 1267 490 1330 remisistis
513 1265 650 1349 amplius
673 1265 841 1343 animatos,
858 1272 895 1328 ut
918 1272 951 1328 et
974 1265 1030 1328 alii
1052 1265 1188 1348 quilibet

232 1370 359 1433 invitari
382 1376 512 1453 possent
537 1376 570 1432 et
594 1368 731 1450 amplius
755 1368 901 1431 animari.
947 1368 1091 1431 Miratus
1117 1391 1187 1432 sum

232 1489 301 1554 eg0,
327 1479 359 1535 et
389 1472 599 1535 nihilominus
629 1471 685 1554 qui
715 1471 844 1535 audiere
873 1471 982 1534 mirati
1013 1481 1102 1550 sunt,
1128 1495 1188 1555 qua

232 1575 356 1638 ratione
379 1575 415 1638 in
438 1576 551 1653 filium,
571 1576 741 1658 ipsumque
766 1574 944 1656 specialem,
963 1583 1032 1637 tam
1052 1575 1186 1639 immitis

232 1678 343 1742 statim
359 1678 521 1742 sententia
535 1679 748 1762 processisset.
774 1677 928 1741 Continui
944 1684 1056 1741 tamen
1072 1700 1187 1741 manus

232 1802 331 1859 meas,
347 1803 452 1865 neque
468 1803 520 1844 eas
536 1781 634 1845 etiam
649 1802 750 1864 usque
766 1781 807 1843 ad
824 1781 1057 1864 protectionem
1074 1781 1187 1864 capitis

232 1885 296 1948 mei
311 1884 546 1948 tremebundus
562 1885 704 1967 opposui,
721 1891 754 1947 et
769 1884 811 1947 ad
826 1883 1051 1947 demissionem
1068 1885 1188 1968 episco-

232 1994 336 2071 patus,
353 2010 450 2071 quam
466 2009 591 2070 semper
606 1993 800 2070 optaveram,
817 1994 922 2050 vestra
936 2008 988 2050 me
1003 1986 1186 2070 indignatio

231 2092 441 2154 confirmavit.
489 2091 592 2173 Super
607 2111 670 2172 quo
684 2097 798 2153 vestrae
814 2090 932 2172 gratias
947 2089 1051 2153 refero
1067 2091 1184 2154 saucti-

231 2194 300 2271 tati,
312 2193 397 2276 quod
412 2215 464 2257 me
479 2200 546 2256 tam
562 2193 808 2256 misericorditer
822 2192 862 2256 ab
877 2193 1074 2276 importabili
1090 2215 1186 2258 onere

231 2295 399 2371 liberastis,
415 2303 448 2359 et
464 2296 504 2358 ad
519 2296 751 2378 providendum
771 2296 887 2360 animae
907 2317 987 2359 meae
1003 2296 1187 2361 liberiorem
1295 2346 1298 2351 »

230 2397 401 2480 procedere
415 2398 613 2481 permisistis.

275 2501 458 2563 Adversarii
478 2522 552 2564 vero
576 2502 649 2578 mei,
670 2502 773 2565 literis
797 2509 830 2566 et
850 2501 1012 2586 judicibus
1038 2502 1079 2565 ad
1104 2502 1186 2566 arbi-

231 2604 332 2668 trium
355 2604 543 2687 impetratis,
569 2605 764 2668 studuerunt
790 2626 899 2668 meum
925 2605 1035 2668 multis
1063 2606 1185 2669 artibus

231 2707 385 2791 impedire
400 2729 592 2791 processum,
609 2715 641 2771 et
661 2728 713 2770 me
734 2728 773 2770 ex
791 2707 892 2771 literis
907 2709 1019 2771 vestris
1041 2708 1083 2771 ad
1099 2709 1186 2792 judi-

231 2814 317 2876 cium
327 2812 537 2877 Abrincensis
552 2812 690 2895 episcopi
705 2817 737 2874 et
753 2811 922 2874 Becoensis
938 2818 970 2874 et
988 2812 1184 2875 Saviniensis

230 2915 408 2993 Abbatum,
439 2915 593 2979 continuo
625 2920 859 2997 protraxerunt,
890 2935 969 2997 quos
999 2936 1039 2977 ex
1068 2915 1180 2978 multis

232 3019 334 3080 causis
354 3018 435 3079 mihi
454 3025 524 3081 tota
542 3017 705 3099 provincia
724 3024 856 3080 noverat
876 3017 1053 3080 adversari:
1077 3018 1181 3100 aqui-

232 3118 292 3182 bus
311 3140 404 3200 super
418 3126 468 3182 tot
487 3119 650 3200 tantisque
674 3119 821 3203 capitulis
843 3120 934 3182 nulla
954 3121 1062 3202 potuit
1083 3121 1183 3204 impe·

230 3223 309 3284 trari
325 3222 444 3300 dilatio,
460 3243 565 3304 neque
580 3223 766 3287 deliberatio
781 3223 1006 3306 respondendi.
1038 3225 1185 3289 Confessi

230 3332 307 3388 sunt
323 3325 363 3389 ab
378 3325 471 3390 initio
482 3327 615 3410 judiceS,
629 3329 707 3391 dum
723 3350 899 3411 ageremus,
916 3329 1040 3392 nullam
1057 3351 1092 3393 se
1102 3330 1184 3412 juris
1257 3378 1263 3383 -

229 3429 347 3494 babere
373 3431 530 3512 peritiam,
555 3453 615 3495 nec
641 3433 866 3515 exceptionum
889 3432 938 3495 vel
965 3431 1184 3514 quarumlibet

229 3533 459 3614 allegationum
482 3535 671 3616 compendia
694 3541 887 3617 recepturos,
911 3534 966 3597 sed
988 3534 1028 3596 iis
1053 3542 1183 3598 tantum

229 3634 386 3712 insistere,
403 3637 488 3718 quod
510 3637 549 3699 iis
570 3637 674 3720 prima
695 3637 775 3700 facie
796 3637 875 3700 velle
897 3637 991 3700 litera
1010 3636 1184 3701 videretur.

229 3736 413 3801 Accedebat
436 3738 476 3801 ad
499 3760 671 3821 gravamen
692 3760 801 3802 meum
825 3740 923 3821 Regis
945 3740 1128 3822 indignatio
1151 3748 1183 3803 et

229 3839 428 3922 infatigabile
459 3841 603 3904 studium
628 3842 764 3905 Walteri
791 3842 1059 3921 Constantiensis,
1088 3863 1184 3925 quem

228 3942 274 4005 illi
288 3943 436 4006 factionis
452 3966 517 4008 suae
533 3966 628 4028 qnam
644 3944 811 4036 adversum
826 3966 878 4008 me
895 3946 1094 4028 juraverant,
1110 3965 1182 4028 pro·

228 4047 325 4110 misso
349 4048 541 4131 episcopatu,
564 4046 741 4129 principem
765 4046 1003 4110 constituerunt
1013 4072 1023 4123 3
1056 4054 1089 4109 et
1112 4047 1180 4129 ipse

226 4147 266 4211 iis
290 4150 325 4255 in
348 4150 497 4213 omnibus
518 4149 671 4212 auxilium
692 4155 724 4211 et
744 4150 885 4212 favorem
905 4149 1031 4231 regium
1053 4169 1182 4212 conser-
