2834 4920
268 478 309 539 14
579 492 729 538 annuum
745 493 864 536 nuxov.

261 611 376 684 laetitia
400 615 433 674 et
460 608 561 692 gloria
583 614 803 693 perceperunt.
849 606 1009 689 Nunquid
1031 627 1100 670 non
1124 606 1218 672 ibant

263 713 420 797 Apostoli,
452 712 629 795 gaudentes
659 734 678 775 a
707 715 882 793 conspectu
905 709 1040 789 concilii,
1066 711 1219 792 quoniam

264 817 356 899 digni
370 815 474 879 habiti
489 823 564 879 sunt
577 836 634 897 pro
649 813 780 877 nomine
794 814 815 876 J
816 834 873 876 esu
882 812 1112 876 contumeliam
1125 814 1217 895 pati?

262 918 424 1000 Nunquid
459 938 526 980 non
561 917 743 999 Stephanus
775 915 862 978 inter
892 915 1014 998 lapides
1043 915 1128 998 ipsos
1160 938 1218 999 pro

263 1021 480 1104 lapidantibus
510 1020 667 1104 supplicat
697 1024 730 1083 ct
760 1019 898 1082 exorat?
958 1018 1119 1102 Nunquid
1151 1041 1219 1083 non

264 1124 381 1188 Petrus
404 1130 437 1187 et
463 1123 611 1186 Andreas
637 1123 676 1185 de
705 1141 798 1184 cruce
826 1121 1003 1203 praedicant
1025 1121 1217 1186 veritatem?

264 1226 427 1311 Nunquid
441 1247 508 1288 non
523 1224 719 1288 Laurentius
739 1223 779 1287 de
794 1223 947 1286 craticula
968 1229 1107 1308 tyranno
1127 1225 1217 1289 laeta-

264 1329 395 1393 bundua
414 1328 576 1391 insultat?
620 1324 781 1408 Nunquid
798 1347 865 1388 non
888 1324 1052 1389 carnifices
1072 1326 1157 1409 ipsos
1177 1327 1219 1391 ad

267 1431 440 1513 equuleum
463 1429 636 1512 praevenire
655 1426 849 1492 invincibilis
869 1426 1036 1493 Vincentii
1061 1428 1218 1493 fortitudo

267 1534 424 1598 festinat?
471 1532 597 1596 Sedet
626 1531 654 1594 si
682 1531 722 1595 de
751 1531 927 1594 infirmiore
957 1553 1036 1595 sexu
1056 1538 1218 1615 quaeratur

265 1637 458 1719 exemplum,
474 1634 619 1717 Agathes
639 1632 801 1697 laetissime
822 1638 855 1697 et
875 1634 1075 1716 gratulanter
1094 1635 1163 1700 ibat
1177 1636 1219 1700 ad

265 1761 434 1818 carcerem,
451 1745 484 1803 et
503 1738 593 1822 quasi
611 1737 652 1802 ad
670 1738 780 1820 epulas
802 1737 948 1815 invitata,
964 1758 1101 1819 agonem
1123 1760 1219 1803 suum

266 1843 396 1907 domino
416 1841 564 1925 precibus
594 1840 851 1905 commendabat.
897 1839 991 1903 Prius
1014 1860 1067 1904 me
1093 1841 1219 1906 deficiet

266 1945 343 2024 dies,
365 1946 466 2009 immo
488 1950 597 2008 totum
618 1942 770 2025 longioris
793 1942 872 2005 anni
891 1941 1033 2025 spatium
1050 1943 1217 2027 expirabit,

266 2069 364 2130 quam
398 2054 583 2111 sanctorum
611 2045 752 2110 victoriae
780 2047 875 2129 plane
909 2045 1037 2109 valeant
1066 2046 1218 2110 enarrari.
1279 2043 1283 2050 ’

267 2149 314 2213 Ηὶ
328 2170 437 2212 revera
450 2149 540 2212 fuere
555 2148 614 2211 viri
628 2148 737 2225 fortes,
753 2154 786 2211 et
802 2147 842 2211 ad
862 2147 948 2211 bella
962 2148 1147 2226 doctissimi,
1164 2149 1220 2232 qui

218 2294 219 2297 κ
266 2250 449 2314 humilitate
472 2250 663 2333 superbiam,
687 2250 893 2333 tyrannidem
918 2250 1076 2333 patientia
1098 2252 1218 2315 device-

265 2359 353 2416 runt.
414 2354 576 2416 Caeterum
608 2351 781 2434 benignius
816 2353 883 2435 agit
920 2374 996 2417 cum
1030 2353 1219 2418 infirmitate

265 2463 377 2520 nostra
396 2456 574 2520 misericors
590 2462 623 2520 et
642 2455 809 2520 miserator
824 2457 995 2520 Dominus.
1041 2457 1116 2540 Ipse
1131 2458 1218 2522 enim
1315 2534 1318 2539 ,

266 2559 412 2624 conscius
442 2564 491 2623 est
519 2558 717 2622 infirmitatis
747 2566 876 2637 nostrae,
902 2565 1015 2642 utpote
1042 2560 1098 2643 qui
1127 2561 1218 2624 novit

267 2664 459 2746 figmentum
480 2669 639 2726 nostrum.
684 2662 896 2752 Tolerabilem
916 2662 1025 2745 itaque
1039 2662 1117 2726 facit
1136 2663 1218 2745 pati-

267 2767 388 2830 entiam
402 2773 555 2830 nostram.
600 2767 737 2830 Revera
752 2765 835 2828 sicut
851 2764 973 2829 dictum
988 2771 1036 2828 est
1051 2765 1129 2830 facit
1138 2786 1219 2856 cum

266 2870 376 2933 labore
390 2876 591 2952 proventum.
636 2868 738 2931 Nulla
753 2889 830 2950 ergo
845 2867 1015 2932 adversum
1029 2889 1088 2931 nos
1103 2868 1219 2931 veteris

268 2972 396 3034 saevitiae
420 2975 603 3033 commenta
627 2970 815 3052 procedunt,
836 2971 935 3034 immo
960 2971 1057 3034 etiam
1082 2971 1220 3034 sustine·

267 3094 341 3138 mur
352 3073 388 3136 in
399 3072 491 3155 equis
503 3072 692 3149 etcurribus
705 3073 880 3153 ambulare,
889 3074 925 3137 in
939 3073 1066 3155 magnis
1079 3073 1221 3156 quando·

268 3196 330 3259 que
346 3182 378 3239 et
398 3174 598 3239 mirabilibus
621 3196 789 3257 supernos
812 3176 934 3259 epulari
954 3177 1097 3258 quotidie
1115 3176 1221 3260 splen·

268 3278 352 3357 dide,
372 3278 522 3361 preciosis
539 3278 633 3342 indui
650 3279 837 3359 honoribus,
854 3288 886 3344 et
907 3279 1024 3343 divitiis
1045 3280 1219 3344 abundare.

268 3383 496 3464 Paupertatem
522 3381 642 3445 Christi
664 3382 761 3446 verbo
784 3383 1004 3466 praedicamus,
1028 3381 1084 3445 sed
1112 3383 1220 3448 minus

268 3484 456 3548 exhibemus
474 3485 637 3568 exemplo:
660 3485 723 3548 nisi
745 3486 820 3569 quia
841 3487 975 3550 fortasse
997 3491 1221 3568 paupertatem

269 3587 338 3670 ejus
356 3587 392 3649 in
411 3586 504 3650 nobis
531 3587 739 3669 spiritualiter
759 3588 943 3652 divitiarum
964 3594 1166 3671 contemptus
1187 3596 1220 3652 et

268 3689 433 3753 humilitas
454 3697 566 3753 sancta
582 3696 751 3754 restaurat.
806 3692 922 3774 Neque
940 3690 1028 3754 enim
1049 3692 1223 3774 requiritur

269 3790 394 3855 anobis
410 3791 594 3856 divitiarum
608 3792 798 3875 indigentia,
815 3793 871 3856 sed
888 3801 1101 3877 contemptus.
1133 3795 1222 3859 Divi-

268 3894 332 3973 tiae,
348 3894 464 3978 inquit,
482 3895 508 3957 si
524 3895 666 3974 affluant,
683 3896 783 3958 nolite
799 3917 853 3959 cor
865 3917 1042 3980 apponere:
1059 3907 1126 3960 non
1142 3898 1222 3962 dixit

197 4018 204 4026 ·
268 4019 310 4062 ne
332 3999 476 4076 affluant,
499 3996 556 4060 sed
575 4018 618 4061 ne
640 4018 695 4062 cor
714 4004 904 4081 apponatur.
950 3999 1050 4062 Porro
1073 4020 1127 4064 cor
1148 4022 1221 4083 pro·

268 4100 374 4166 hibuit
404 4121 572 4185 apponere,
603 4100 749 4164 sednon
777 4120 922 4163 manum.
968 4100 1116 4166 Profecto
1140 4104 1219 4167 Pro·
1297 4163 1300 4168 .
1329 4119 1332 4124 '
