2834 4920
20 1058 27 1069 ’
128 1152 135 1164 .
206 1038 209 1046 “
260 1099 372 1174 canc
396 1097 703 1172 ansianum
724 1062 1070 1172 nauseantes.

395 1462 427 1508 Α.
444 1461 503 1510 Ord.
515 1462 567 1524 huj.
578 1462 698 1510 edit-B.
716 1462 775 1510 Ord.
786 1463 842 1511 edit.
854 1463 930 1512 Paris.

192 1693 246 1756 Ad
260 1715 326 1776 ger.
344 1693 443 1757 sollic.
459 1694 510 1758 do.
527 1702 574 1757 tu.
687 1743 694 1756 .
784 1742 791 1758 .
883 1743 890 1756 .
981 1743 988 1758 .

192 1795 246 1859 Ad
261 1795 336 1860 aud.
352 1797 426 1879 maj.
444 1818 508 1860 ves.
524 1818 574 1860 cu.
688 1845 695 1859 .
786 1844 793 1858 .
883 1845 890 1859 .
982 1844 988 1859 .

193 1897 247 1961 Ad
261 1920 350 1962 conc.
367 1919 443 1963 cum
458 1900 499 1962 al.
515 1920 582 1963 voc.
689 1947 697 1960 .

193 1999 388 2065 Adolescens
404 2024 457 2085 qu.
475 2002 515 2065 ad
531 2002 630 2066 acciu.
690 2049 696 2064 .
787 2049 794 2064 .
885 2049 891 2064 .
983 2050 989 2063 .

193 2103 300 2166 Amici
314 2125 383 2167 nos.
401 2105 456 2187 qui
471 2104 513 2168 di.
530 2105 581 2168 ist.
689 2152 696 2167 .
787 2152 793 2166 .
885 2152 892 2167 .
984 2154 990 2167 .

193 2203 224 2266 A
239 2205 342 2269 multo
358 2213 435 2270 tem.
453 2208 513 2270 sin.
529 2229 592 2271 car.
688 2255 696 2269 .
787 2255 793 2270 .
885 2256 891 2270 .
983 2258 989 2271 .

194 2307 292 2390 Apud
307 2306 403 2372 Dom.
421 2311 505 2393 Imp.
522 2319 555 2374 et
570 2312 613 2373 fil.
690 2359 697 2372 .
788 2359 795 2372 .
886 2360 892 2373 .
984 2360 990 2373 .

194 2409 318 2473 Audita
332 2433 399 2474 san.
419 2414 512 2476 Rom.
529 2415 605 2478 eccl.
691 2462 697 2475 .
789 2462 795 2475 .
887 2463 893 2476 .
984 2464 990 2477 .

194 2515 318 2577 Audita
334 2516 409 2580 inst.
426 2524 526 2581 trans.
538 2540 591 2580 ves
593 2564 991 2581 .....

195 2617 447 2681 Audivitecau.
464 2620 549 2682 stud.
567 2620 697 2682 Par..
790 2665 796 2678 .
887 2666 894 2680 .
985 2668 991 2681 .

195 2719 600 2783 Auxiliumlib.mi.de.
691 2767 698 2779 .
791 2765 797 2780 .
888 2766 894 2779 .
986 2768 992 2782 .

197 2819 384 2881 Bandinum
399 2840 462 2882 ves.
480 2821 519 2883 ad
536 2822 616 2904 Reg.
694 2868 700 2881 .
792 2868 798 2883 .
890 2869 896 2882 .
987 2871 993 2884 .

197 2919 395 2985 Benedictus
409 2923 470 2986 De.
487 2931 519 2987 et
534 2946 584 3008 pa.
601 2925 643 2988 D.
660 2947 692 2988 n.
791 2972 798 2984 .
889 2973 895 2987 .
987 2976 993 2989 .

197 3025 395 3089 Benedictus
410 3027 471 3090 De.
488 3028 544 3112 qui
560 3029 600 3092 sd
615 3050 664 3112 ep.
690 3078 697 3090 .
789 3077 795 3090 .
886 3078 892 3091 .
987 3079 993 3092 .

198 3129 319 3191 Causas
334 3150 387 3211 qu.
404 3129 440 3192 si.
457 3150 496 3193 ex
512 3130 614 3194 ordin.
694 3181 699 3193 .
792 3179 799 3192 .

199 3231 337 3293 Causam
352 3252 422 3294 ven.
439 3233 497 3296 fra.
514 3255 582 3297 nos.
600 3235 657 3299 Re.
694 3234 715 3297 .’
791 3283 797 3296 .
890 3285 895 3297 .
987 3286 993 3299 .

160 3386 162 3390 .
200 3333 338 3397 Causam
354 3356 406 3417 qu.
422 3335 483 3399 int.
499 3336 618 3401 Willel.
697 3385 702 3395 .
793 3387 799 3398 .
890 3387 896 3400 .

200 3436 338 3499 Causam
354 3459 407 3519 qu.
423 3439 482 3502 int.
501 3438 613 3530 Herm.
694 3489 700 3502 .
791 3488 798 3502 .
890 3490 896 3503 .
987 3491 993 3504 .

201 3538 339 3601 Causam
355 3561 407 3622 qu.
424 3542 484 3603 int.
500 3564 571 3606 ven.
588 3543 626 3606 fr.
695 3592 701 3605 .
793 3592 799 3605 .
889 3592 895 3605 .
987 3594 994 3608 .

201 3640 375 3703 Confectus
390 3663 457 3705 sen.
474 3651 506 3706 et
522 3645 595 3727 aliq.
695 3694 701 3706 .
792 3692 799 3708 .
890 3694 897 3708 .
989 3695 995 3710 .

202 3742 370 3805 Credimus
384 3744 477 3825 prud.
494 3767 556 3809 ves.
597 3796 604 3808 .
696 3796 702 3809 .
793 3796 800 3809 .
891 3797 898 3810 .
989 3799 995 3811 .

202 3843 307 3908 Credo
321 3866 376 3908 vos
391 3845 445 3908 fid.
460 3856 520 3911 ret.
537 3871 598 3912 me.
698 3899 705 3912 .
795 3899 801 3912 .

203 3948 286 4010 Cum
302 3948 387 4030 apud
402 3971 467 4032 reg.
485 3972 552 4014 nos.
569 3975 620 4034 pa.
697 4001 704 4014 .
795 4001 802 4017 .
893 4003 899 4016 .
990 4004 995 4016 .

203 4049 252 4111 De
268 4048 337 4111 adv.
354 4072 416 4114 ves.
433 4051 500 4114 nih.
518 4054 590 4116 aud.
707 4103 713 4116 .
805 4104 811 4117 .

202 4150 369 4231 Delegavit
384 4174 454 4216 ven.
471 4154 528 4219 fra.
546 4178 606 4219 me.
698 4205 704 4218 .
795 4205 802 4219 .
893 4206 900 4220 .
991 4206 997 4219 .

202 4252 397 4333 Desideravi‚
414 4257 475 4320 D0.
492 4259 547 4336 mi,
560 4260 638 4341 jam.
697 4307 703 4320 .
795 4306 801 4319 .
893 4307 899 4320 .
991 4307 998 4322 .
