2834 4920
233 485 297 546 216
562 504 713 548 aauunrr
732 506 853 549 unxov.

232 621 314 684 toria
340 621 523 684 concidisse.
570 621 723 684 Ceterum
748 643 838 684 nunc
863 627 933 684 tota
958 621 1126 703 provincia
1157 622 1194 685 in

233 746 322 807 spem
337 731 455 807 optatae
470 730 563 788 tauto
577 731 720 807 tempore
737 724 895 787 libertatis
916 724 1045 807 aspirat,
1062 732 1096 788 et
1111 747 1193 788 con·

231 829 396 891 firmatum
408 828 529 891 Christi
544 829 701 909 sanguine
716 834 957 905 testamentum,
967 849 1051 891 novo
1067 828 1192 910 gaudet

233 930 351 994 iterum
367 931 524 1013 sanguine
539 932 731 1013 consignari.
777 932 933 994 Omnium
953 931 1055 1012 igitur
1071 931 1112 993 ad
1130 931 1189 993 tri-

233 1033 391 1117 umphum
405 1034 531 1097 noviter
541 1033 649 1097 evictae
664 1032 822 1097 libertatis
836 1039 1047 1097 concurrente
1063 1032 1188 1111 laetitia,

234 1143 363 1199 exorato
389 1137 513 1220 spiritu,
536 1143 570 1200 et
596 1158 649 1200 eos
674 1137 710 1199 in
735 1159 838 1200 unum
863 1136 1003 1199 suaviter
1026 1135 1188 1218 dirigente

233 1260 434 1316 consensum,
451 1240 571 1303 electus
593 1246 642 1302 est
663 1238 720 1315 vir,
741 1240 832 1322 cujus
854 1238 974 1320 religio,
996 1239 1088 1320 cujus
1110 1260 1186 1321 pru·

232 1342 351 1418 dentia,
367 1341 712 1425 cujusmagnificentia
731 1347 824 1404 tanto
839 1340 928 1423 operi
942 1340 1062 1402 idonea
1077 1341 1186 1404 crede-

231 1452 329 1521 retur,
346 1445 429 1526 quod
446 1466 513 1507 non
528 1444 667 1507 externis
681 1443 808 1506 indiciis
829 1442 885 1506 sed
904 1443 993 1506 intra
1008 1443 1187 1508 domestica

232 1547 370 1610 claustra
389 1568 447 1629 per
466 1548 600 1629 longum
619 1555 747 1629 tempus
767 1545 844 1629 ipsis
864 1566 973 1608 rerum
994 1547 1185 1610 constiterat

232 1649 440 1731 argumentis.
485 1649 586 1711 Nulla
604 1648 734 1726 invidia,
749 1648 839 1711 nulla
860 1646 1004 1726 ambitio,
1019 1649 1112 1712 nulla
1131 1649 1184 1713 de-

230 1757 329 1839 nique
352 1757 399 1818 vis
423 1754 549 1819 obviare
569 1754 781 1839 praesumpsit,
801 1754 954 1837 quoniam
978 1761 1112 1818 sanctus
1131 1755 1184 1819 illc

231 1859 418 1923 successoris
441 1858 491 1921 sui
513 1851 698 1930 consecrare
717 1857 887 1920 videbatur
905 1856 1008 1935 initia,
1026 1864 1060 1920 et
1081 1858 1182 1936 altari,

232 1965 323 2047 cujus
339 1963 405 2045 ipse
421 1962 565 2026 sacerdos
582 1961 742 2038 extiterat,
759 1966 889 2044 gratum
909 1960 971 2023 sibi
986 1960 1184 2025 substituere

231 2066 437 2128 sacerdotem.
497 2063 656 2128 Felicitati
685 2072 868 2146 temporum
898 2070 1079 2127 vestrorum
1115 2065 1183 2127 haec

230 2169 343 2231 laetitia
371 2167 566 2245 servabatur,
588 2174 628 2230 ut
652 2167 713 2230 boc
743 2167 784 2230 ad
809 2172 988 2230 vestrorum
1018 2167 1182 2231 accederet

231 2271 365 2353 gloriam
385 2271 563 2345 titulorum,
580 2270 699 2333 scilicet
720 2269 806 2353 quod
824 2269 945 2351 ubique
960 2269 1064 2333 virtus
1079 2277 1183 2334 vestra

231 2395 322 2436 suam
337 2373 520 2436 restitueret
536 2374 677 2437 ecclesiae
690 2372 885 2437 libertatem.

274 2475 468 2538 Benedictus
492 2482 600 2538 autem
621 2476 720 2553 Deus,
737 2476 792 2558 qui
814 2475 854 2538 ad
877 2496 1071 2538 consensum
1095 2476 1182 2539 hunc

231 2579 338 2642 devoti
361 2579 418 2642 filii
441 2578 543 2642 nostri
568 2578 701 2642 senioris
724 2579 809 2661 regis
836 2578 981 2641 animum
1004 2578 1180 2642 inclinavit.

230 2684 428 2765 Factumque
447 2683 508 2745 hoc
531 2682 640 2745 debito
661 2680 768 2744 favore
790 2680 1003 2763 prosequitur,
1021 2681 1108 2762 quod
1127 2681 1181 2744 ali-

230 2787 360 2872 quando
384 2793 591 2848 consueverat
618 2784 838 2866 designatione
860 2783 1041 2846 necessaria
1064 2805 1181 2867 praeve·

229 2890 309 2952 nire.
354 2890 478 2951 Verum
501 2888 594 2965 filius,
619 2908 715 2970 quem
738 2886 779 2949 ad
803 2886 1040 2949 succedendum
1065 2887 1126 2950 sibi
1147 2887 1181 2949 in

229 3013 366 3073 regnum
389 2991 465 3053 fecit
490 2998 683 3072 praematura
710 2989 810 3073 patris
840 2989 965 3052 affectio
992 2989 1180 3066 consecrari,

229 3100 321 3155 tanto
336 3092 421 3154 bono
437 3092 532 3173 coepit
548 3093 713 3170 obsistere,
728 3113 839 3154 eorum
859 3091 980 3154 scilicet
995 3090 1181 3178 impellente

229 3194 370 3271 consilio,
381 3194 436 3276 qui
452 3215 526 3256 eum
542 3195 582 3257 de
594 3195 667 3258 sinu
678 3196 777 3278 patris
793 3194 976 3258 abstrahere
992 3200 1179 3276 potueruut,

229 3304 262 3360 et
285 3297 523 3379 simplicitatem
546 3298 768 3361 adolescentiae
788 3299 856 3381 ejus
877 3298 911 3359 in
931 3298 1097 3380 proprium
1114 3319 1179 3360 ma-

230 3401 277 3483 gis
299 3423 395 3483 quam
417 3400 451 3462 in
474 3401 573 3482 patris
593 3407 715 3463 vertere
738 3400 978 3463 detrimentum.
1028 3399 1181 3463 Studium

229 3504 329 3585 igitur
343 3525 454 3566 eorum
471 3510 520 3566 est
534 3503 638 3587 ipsum
655 3503 738 3586 patri
759 3524 885 3586 semper
899 3523 1071 3584 opponere,
1088 3510 1127 3566 ut
1142 3525 1180 3566 ex

229 3606 378 3668 omnihus
394 3607 496 3668 causis
512 3607 600 3669 inter
614 3628 677 3682 eos,
690 3628 760 3689 quae
774 3607 836 3688 ipsi
852 3606 1093 3669 seminaverunt
1108 3606 1181 3670 odia

229 3709 460 3785 convalescant,
473 3730 514 3771 ne
529 3709 700 3792 aliquando
715 3729 885 3772 conversus
901 3708 941 3772 ad
956 3729 1020 3786 cor,
1034 3708 1179 3772 debitum
1214 3791 1218 3796 Ι

228 3810 339 3893 gratiae
362 3812 517 3873 naturalis
542 3832 723 3894 agnoscere,
748 3819 781 3874 et
805 3811 846 3874 ad
869 3818 1021 3894 paternos
1045 3811 1178 3894 incipiat

161 3953 163 3958 ,
227 3914 331 3977 redire
357 3915 549 3997 complexus.
597 3916 700 3996 Super
724 3936 787 3997 quo
810 3915 1015 3998 prudentiam
1040 3922 1177 3977 vestram

227 4039 355 4081 necesse
378 4024 426 4080 est
448 4018 580 4081 sollicite
602 4017 783 4099 praevidere,
799 4040 841 4081 ne
861 4018 1049 4081 violentiam.
1069 4039 1177 4081 neces-

229 4122 318 4185 sariae
334 4121 572 4203 designationis,
589 4142 660 4203 quae
675 4121 709 4183 in
730 4129 820 4204 patre
840 4143 897 4204 per
913 4121 1050 4204 gratiam
1066 4121 1130 4184 Dei
1145 4127 1177 4184 et
