2834 4920
242 507 305 570 136
574 526 725 570 annuum
743 527 859 571 nnxov.

267 711 319 774 29.
343 709 399 772 Ad
412 709 559 772 Sanctam
577 711 733 786 rhomam,
749 711 821 774 dam
836 718 915 776 esset
929 712 1026 795 aequ
1037 715 1164 798 {duplic

606 812 827 877 Cancellariua.

280 961 467 1025 Venerabili
496 968 528 1025 et
559 962 676 1026 dilecto
705 964 808 1027 amico
834 985 893 1029 suo
918 965 1052 1032 Thomae
1074 967 1190 1033 illustri

238 1064 336 1148 Regis
358 1066 540 1149 Anglorum
569 1065 778 1145 Cancellario,
798 1068 967 1147 Amulius,
987 1070 1189 1136 Lexoviensis

236 1167 376 1230 ecclesiae
412 1167 559 1230 minister
595 1166 736 1246 humilis,
772 1171 909 1234 salutem
946 1180 979 1235 et
1016 1173 1189 1256 plurimam

235 1269 449 1334 dilectionem.

277 1373 402 1436 Literas
417 1379 530 1436 vestrae
551 1373 747 1456 dignationis
768 1375 885 1458 accepi,
902 1397 1041 1458 quarum
1059 1379 1187 1496 singula

233 1475 330 1538 verba
343 1475 466 1539 mihi
438 1497 505 1539 usa
519 1482 596 1538 sunt
612 1477 733 1540 stillare
748 1478 953 1542 dulcedinem
969 1488 1002 1544 et
1018 1483 1110 1546 suavi
1127 1483 1187 1548 sin-

233 1598 314 1641 cerae
335 1577 476 1642 caritatis
505 1580 600 1642 melle
621 1601 764 1643 manare.
810 1581 946 1645 Gavisus
970 1605 1044 1647 sum
1070 1587 1187 1650 salvam

231 1681 313 1744 mihi
331 1702 400 1745 esse
419 1681 505 1766 apud
524 1702 579 1745 vos
601 1683 845 1765 praerogativam
865 1685 1009 1767 pristinae
1023 1687 1186 1775 familiari

231 1784 309 1848 tatis
320 1791 353 1847 et
368 1784 489 1866 gratiae,
501 1804 561 1847 nec
576 1804 648 1846 eam
660 1784 854 1867 demigrasse
863 1787 1006 1850 locorum
1021 1789 1186 1871 distantia,

230 1908 291 1951 uec
305 1888 528 1970 frequentibus
538 1887 677 1971 negotiis
686 1889 854 1971 expirasse.
887 1892 1031 1970 Gavisus,
1043 1893 1186 1977 iuquam,

231 1992 307 2074 quia
334 1998 408 2076 post
437 1989 604 2074 epistolam
633 1998 772 2054 vestram
802 1991 893 2055 nulla
915 1993 1021 2075 potuit
1048 1996 1186 2062 residere

234 2094 390 2172 dubietas,
406 2094 499 2176 cujus
520 2093 721 2175 majestatem
743 2112 948 2175 nequaquam
968 2097 1121 2160 convenit
1138 2084 1186 2163 vel
1215 2123 1218 2129 ’

229 2197 343 2258 vitium
358 2195 506 2258 falsitatis
521 2195 695 2272 mcunere,
706 2195 757 2257 vel
771 2194 806 2257 in
822 2194 1015 2259 adulationis
1026 2198 1184 2265 vilitatem

231 2298 433 2361 descendere.
471 2297 561 2360 Vivit
576 2305 685 2360 autem
700 2298 788 2362 vobis
804 2298 890 2380 apud
906 2321 959 2363 me
973 2301 1184 2370 nihilominus

228 2423 311 2466 verae
337 2400 515 2465 dilectionis
538 2400 682 2478 affectus,
705 2422 800 2483 quem
822 2402 884 2465 etsi
905 2404 1056 2487 frequens
1080 2410 1183 2491 operis

228 2507 382 2572 exhibitio
410 2529 479 2571 non
503 2507 653 2584 illustrat,
681 2508 808 2591 supplet
834 2514 944 2572 tamen
969 2511 1031 2573 sibi
1055 2515 1184 2580 conseia

227 2620 384 2698 promptae
399 2613 525 2677 devotio
538 2613 723 2677 voluntatis.
765 2614 807 2677 In
823 2615 966 2679 amicitia
980 2619 1104 2681 etenim
1119 2621 1183 2685 sola

228 2720 409 2783 animorum
428 2719 577 2782 voluntas
597 2717 785 2800 exquiritur,
803 2739 865 2782 nec
883 2721 1040 2783 crementi
1060 2723 1183 2805 patitur

229 2823 437 2906 quaestionem
459 2842 502 2884 ne
520 2821 696 2904 prostituta
716 2819 817 2903 possit
838 2821 888 2884 vel
913 2824 1111 2888 mercenaria
1133 2847 1181 2890 re·

228 2925 344 3009 putari.

272 3030 326 3092 Sic
345 3048 483 3109 namque
504 3027 539 3088 in
555 3048 612 3088 sua
629 3047 686 3108 per
706 3048 739 3090 se
761 3026 902 3109 puritate
920 3016 1077 3108 consistit,
1093 3031 1180 3095 utin

226 3133 296 3215 ipsa
310 3151 442 3214 operum
452 3128 606 3192 exhibitio
620 3150 688 3190 non
702 3130 765 3192 nisi
781 3131 883 3194 vicem
895 3133 1083 3196 accessionis
1099 3133 1180 3198 obti-

227 3240 304 3300 neat
319 3241 352 3297 et
371 3233 516 3315 sequelae,
533 3253 593 3295 nec
613 3233 709 3295 rebus
724 3234 863 3299 fortunae
883 3241 1015 3299 tenetur
1032 3236 1178 3316 obnoxia,

227 3359 318 3401 suam
347 3336 408 3399 sibi
437 3355 494 3418 per
523 3357 556 3399 se
585 3336 732 3399 tribuens
755 3343 788 3399 et
810 3337 953 3400 retinens
977 3338 1177 3421 dignitatem.

228 3442 324 3508 Quod
339 3442 418 3504 adeo
437 3461 546 3503 verum
566 3448 625 3518 est,
641 3446 679 3503 ut
693 3439 780 3503 inter
798 3439 912 3503 divites
932 3441 1033 3505 rarior
1054 3464 1178 3526 semper

227 3545 327 3608 soleat
341 3543 488 3620 inveniri,
509 3551 541 3606 ct
557 3545 652 3626 plane
676 3543 765 3625 quasi
786 3543 970 3606 divitiarum
993 3546 1176 3629 multiplici·

225 3655 327 3710 tatem
347 3668 442 3709 exosa
461 3647 658 3728 simplicitati
677 3646 875 3728 paupertatis
895 3647 1021 3710 videtur
1036 3650 1177 3712 securius

225 3752 391 3815 inhaerere.
425 3751 511 3813 Rara
526 3757 574 3813 est
590 3772 690 3833 eoque
705 3749 881 3833 pretiosior,
892 3773 1052 3834 nusquam
1067 3759 1178 3817 tamen

224 3852 326 3918 rarior
352 3873 448 3935 quam
469 3851 556 3913 inter
577 3872 640 3929 eos,
665 3851 720 3935 qui
743 3851 783 3914 ad
805 3851 988 3934 principum
1008 3856 1177 3919 tractanda

225 3956 357 4021 consilia
380 3962 413 4019 et
436 3954 567 4036 negotia
589 3954 787 4037 disponenda
809 3963 973 4018 vocantur.
1022 3959 1069 4020 Ut
1089 3960 1174 4022 enim

224 4066 374 4124 caeterat
376 4080 493 4134 accam,
515 4057 650 4120 sollicita
671 4063 761 4120 ment
747 4057 834 4120 itbus
857 4078 968 4172 eorum
991 4059 1177 4125 dominatur

224 4163 366 4241 ambitio,
386 4162 528 4245 dumque
549 4162 593 4224 alt
579 4167 629 4224 ter
647 4161 692 4224 alt
678 4160 776 4225 terius
796 4161 898 4224 metui
899 4161 1037 4226 tstudio
1056 4185 1174 4246 praeve-
