2834 4920
305 535 357 596 xvi
597 556 686 598 ouuo
703 557 969 600 normannicus.

1144 694 1176 734 A.
1225 695 1255 737 n.

306 773 473 837 Quantum
491 794 539 855 ap.
557 773 651 835 Dom.
669 795 737 836 nos.
803 822 809 835 .
900 822 907 837 .
998 822 1005 836 .
1096 823 1102 836 .
1148 777 1189 838 95
1213 812 1257 823 —

306 873 445 938 Quando
459 875 495 936 in
511 895 577 956 par.
593 895 662 937 nos.
802 922 809 936 .
900 924 906 937 .
997 923 1004 938 .
1096 924 1102 939 .
1129 880 1191 939 118
1216 914 1258 924 —

306 975 593 1040 Quartusdeoimus
609 997 694 1039 men.
712 999 761 1059 ag.
899 1025 905 1039 .
996 1024 1002 1039 .
1095 1026 1101 1041 .
1147 981 1189 1040 45
1213 982 1256 1043 32

304 1078 548 1143 Querimoniam
565 1099 617 1160 qu.
635 1099 675 1141 ex
689 1078 728 1141 lit
731 1126 1101 1142 .....
1147 1082 1191 1142 46
1213 1081 1257 1143 36

305 1181 432 1246 Quibus
446 1181 542 1262 peric.
560 1202 629 1263 exp.
646 1182 713 1265 qui.
801 1229 807 1244 .
898 1229 905 1244 .
996 1229 1003 1244 .
1095 1231 1102 1244 .
1147 1185 1256 1247 4128
1296 1230 1304 1245 .

305 1282 446 1348 Quidam
462 1282 502 1345 de
517 1303 631 1346 canon.
648 1304 717 1346 nos.
800 1331 807 1344 .
898 1331 904 1344 .
996 1331 1003 1346 .
1095 1333 1101 1346 .
1148 1287 1187 1349 71
1213 1321 1254 1331 -

305 1384 392 1449 Quid
407 1405 466 1467 ego
481 1385 521 1446 fe.
538 1405 587 1447 vo.
605 1391 661 1447 aut
677 1407 729 1467 qu.
796 1432 803 1445 .
894 1432 901 1447 .
993 1433 999 1447 .
1093 1389 1189 1449 .120
1211 1423 1256 1434 -

305 1485 401 1550 Quod
416 1485 489 1567 aliq.
506 1507 525 1548 a
540 1506 587 1548 vo.
605 1506 664 1548 oan
668 1533 1099 1550 .....
1147 1492 1189 1552 39
1211 1492 1256 1552 24

305 1588 401 1653 Quod
416 1588 470 1650 dil.
486 1608 551 1650 vos.
568 1608 656 1669 prop.
673 1608 716 1650 se.
799 1635 806 1650 .
897 1637 904 1650 .
996 1637 1002 1650 .
1094 1639 1100 1652 .
1147 1590 1190 1653 66
1211 1594 1252 1654 45

305 1691 401 1757 Quod
415 1690 462 1755 ita
477 1692 530 1754 sio.
548 1691 621 1754 aud.
638 1698 671 1753 et
686 1692 726 1753 vi.
799 1739 805 1752 .
897 1740 903 1753 .
995 1740 1001 1752 .
1094 1741 1101 1755 .
1127 1696 1190 1757 100
1211 1731 1254 1740 -

305 1794 393 1858 Quot
409 1801 441 1856 et
457 1816 509 1876 qu.
526 1793 618 1856 bene.
636 1815 731 1875 quan.
797 1841 804 1855 .
896 1843 902 1856 .
994 1844 1000 1855 .
1092 1798 1188 1857 .108
1211 1833 1253 1842 —

305 1896 392 1960 Quot
408 1917 493 1959 scau.
510 1917 563 1978 qu.
580 1894 645 1958 dat.
663 1894 713 1958 do.
799 1943 806 1956 .
897 1944 903 1957 .
995 1944 1001 1957 .
1093 1945 1099 1960 .
1146 1900 1187 1961 52
1211 1901 1251 1960 55

304 1999 438 2064 Quoties
453 2000 500 2062 lit.
517 2005 582 2063 tuae
598 2000 667 2062 dev.
799 2048 805 2061 .
896 2048 902 2062 .
994 2048 1000 2061 .
1093 2050 1099 2064 .
1148 2006 1185 2065 11
1233 2007 1251 2066 5

303 2102 438 2167 Quoties
453 2103 526 2183 aliq.
544 2124 593 2183 ap.
610 2103 684 2185 maj.
798 2150 805 2163 .
895 2151 901 2163 .
994 2151 1000 2165 .
1092 2153 1099 2167 .
1144 2108 1187 2192 32
1210 2110 1253 2170 27

304 2205 480 2286 Regressus
496 2203 535 2265 ab
551 2205 637 2285 Aug.
655 2204 695 2266 ad
795 2252 802 2266 .
894 2253 901 2268 .
993 2253 999 2266 .
1091 2211 1187 2271 ,43
1209 2211 1253 2271 30
1375 2237 1377 2240 ’

304 2305 459 2370 Ricardus
474 2306 514 2370 de
531 2307 615 2370 Blos.
631 2306 707 2371 Abb
711 2355 1098 2371 .....
1125 2313 1188 2374 124
1209 2349 1253 2358 -

303 2408 391 2472 Scire
406 2408 477 2471 deb.
496 2431 583 2472 omn.
600 2409 662 2473 obl.
797 2458 803 2472 .
895 2459 902 2473 .
994 2459 1001 2473 .
1092 2461 1098 2474 .
1146 2416 1252 2477 1912

304 2512 338 2574 Si
354 2511 394 2574 ab
410 2511 526 2576 adoles.
542 2533 611 2575 nos.
699 2560 706 2573 .
797 2561 803 2575 .
895 2561 901 2575 .
991 2561 998 2577 .
1091 2563 1098 2577 .
1146 2519 1253 2579 1410

303 2612 472 2677 Siadves.
488 2614 538 2677 lit.
554 2635 620 2696 per.
697 2663 704 2676 .
796 2663 802 2677 .
894 2664 901 2677 .
992 2664 999 2678 .
1091 2665 1099 2679 .
1144 2617 1253 2682 3126

303 2716 337 2779 Si
352 2738 421 2780 ven.
439 2716 479 2780 ad
493 2738 584 2799 praes.
601 2719 665 2802 maj
671 2765 1095 2781 .....
1142 2723 1186 2784 97
1207 2756 1252 2767 -

303 2822 460 2885 Sicutno.
477 2820 570 2903 prud.
587 2843 650 2885 ves.
699 2870 705 2883 .
797 2868 804 2883 .
895 2869 901 2883 .
992 2869 998 2883 .
1090 2869 1096 2882 .
1143 2825 1186 2885 94
1208 2858 1252 2870 -

302 2921 393 2985 Sicut
408 2943 456 2985 vo.
472 2922 507 2984 in
521 2922 602 2985 Nor.
619 2923 671 2985 dix
676 2970 1096 2984 .....
1142 2926 1185 2987 92
1207 2960 1250 2970 -

302 3024 393 3085 Siout
408 3024 483 3086 elec.
500 3045 563 3086 ves.
579 3024 647 3085 ind.
664 3045 717 3106 qu.
794 3071 800 3085 .
892 3073 898 3085 .
990 3074 997 3086 .
1088 3073 1095 3087 .
1141 3026 1184 3087 63
1207 3028 1250 3088 56

302 3126 405 3207 Super
419 3146 488 3188 cau.
506 3147 557 3208 qu.
574 3125 634 3187 int.
650 3147 709 3189 nos
796 3175 802 3188 .
893 3175 900 3188 .
991 3176 997 3190 .
1089 3176 1096 3190 .
1142 3129 1185 3189 60
1207 3131 1249 3191 52

301 3227 404 3309 Super
418 3226 469 3290 his
483 3247 541 3309 pro
557 3227 620 3309 qui.
637 3228 672 3290 in
794 3277 800 3290 .
892 3277 898 3290 .
990 3279 997 3293 .
1089 3279 1095 3292 .
1143 3234 1184 3295 77
1207 3233 1249 3294 79

301 3328 404 3410 Super
418 3328 499 3411 inju.
516 3350 568 3411 qu.
585 3350 638 3392 no.
655 3329 712 3392 inf.
793 3377 799 3391 .
891 3378 897 3392 .
989 3380 996 3394 .
1088 3380 1095 3395 .
1141 3333 1247 3395 2815

300 3429 438 3492 Sustulit
453 3430 510 3493 vir.
527 3430 590 3511 glo.
607 3451 691 3492 mem
696 3478 1094 3494 .....
1162 3434 1183 3494 2
1205 3467 1249 3479 -

297 3533 401 3596 'Panto
416 3540 513 3615 temp.
530 3533 627 3596 aedil
629 3581 1093 3600 ......
1140 3541 1182 3604 67
1204 3576 1244 3586 -

297 3635 462 3717 Temporis
476 3634 575 3698 brevi.
591 3635 658 3717 imp
662 3683 1092 3702 .....
1119 3644 1179 3704 131
1203 3678 1247 3688 -

297 3737 499 3799 Venerabilis
513 3737 552 3800 fr.
570 3744 602 3800 et
618 3758 680 3800 am.
789 3783 796 3798 .
890 3786 896 3798 .
987 3788 994 3801 .
1086 3791 1092 3805 .
1160 3745 1181 3806 9
1225 3747 1246 3806 3

297 3842 467 3904 Venerunt
482 3840 522 3904 ad
537 3862 596 3904 nos
612 3864 647 3904 sa
649 3889 1093 3909 ......
1139 3850 1181 3910 59
1204 3851 1243 3910 51

296 3945 463 4007 Venturus
479 3964 522 4006 er.
540 3944 651 4006 advos
692 3991 1092 4011 .....
1138 3952 1178 4011 91
1202 3986 1247 3996 —

296 4046 442 4110 Verbum
458 4067 527 4128 sup.
545 4066 608 4127 quo
622 4046 684 4108 Do.
791 4093 796 4105 .
889 4095 895 4108 .
988 4097 994 4112 .
1086 4101 1092 4114 .
1118 4054 1182 4114 104
1203 4088 1245 4098 —

296 4149 361 4212 Vix
376 4170 425 4231 ap.
442 4149 538 4211 Dom.
556 4147 626 4209 Mel
629 4194 1092 4216 ......
1138 4155 1179 4215 35
1203 4191 1246 4199 -

295 4253 419 4314 Verum
434 4258 482 4315 est
496 4251 532 4313 in
546 4250 633 4314 Arcb
637 4297 1092 4319 ......
1140 4260 1182 4321 70
1202 4293 1247 4303 -
