2834 4920
608 991 655 1056 ΙΙ.
680 991 905 1055 CARMINA.

544 1235 573 1295 1.
597 1234 646 1296 De
660 1235 825 1296 nativitate
839 1234 977 1296 Domini.

283 1384 423 1447 Snnrnn
439 1383 480 1448 ab
495 1391 617 1449 aeterno
631 1407 766 1450 nascens
782 1406 823 1450 ex
836 1393 981 1470 tempore
996 1388 1085 1450 nasci

326 1487 473 1552 Sustinet
487 1487 631 1552 humana
645 1489 828 1554 conditione
843 1491 953 1554 Deus:

280 1591 537 1675 Virgineumque
551 1599 682 1656 uterum
696 1593 799 1656 virtus
814 1614 904 1657 sacra
917 1594 1018 1677 patris
1033 1594 1218 1675 obumbrat,

325 1695 400 1760 Qua
413 1695 547 1759 verbum
561 1697 653 1760 fieret
668 1696 859 1761 conciliante
875 1717 958 1760 caro,

282 1798 448 1863 Conformi
463 1799 585 1864 soboles
600 1806 727 1884 patrem
741 1806 944 1882 matremque
957 1801 1062 1883 figura

324 1902 495 1986 Exprimit,
511 1909 544 1966 et
560 1904 698 1985 speciem
711 1902 818 1966 reddit
833 1903 962 1985 utrique
979 1925 1080 1966 suam.

284 2006 336 2071 Sic
352 2009 420 2090 ejus
436 2008 555 2092 species
571 2009 709 2090 speciem
724 2015 773 2071 cst
787 2009 916 2071 imitata
929 2015 1109 2092 paternam,

326 2110 374 2172 Ut
389 2111 431 2173 sit
446 2132 485 2174 eo
498 2111 565 2174 viso
580 2111 665 2174 visus
681 2117 714 2174 et
728 2112 797 2194 ipse
813 2118 914 2194 pater.

282 2210 502 2295 Virgineoque
517 2211 579 2277 sibi
594 2213 753 2276 fabricans
770 2213 810 2276 de
825 2234 957 2297 corpore
972 2235 1096 2298 corpus,

326 2311 515 2379 Humanam
531 2337 570 2380 ex
584 2315 716 2380 homine
731 2315 895 2381 contrahit
911 2318 1059 2400 effigiem.

281 2416 422 2482 Exhibet
436 2441 503 2482 una
518 2419 597 2483 duas
612 2420 732 2504 species
746 2441 892 2503 persona,
910 2421 1062 2504 Deosque

326 2523 443 2586 Factus
457 2523 554 2587 homo
569 2524 734 2608 proprium
750 2530 854 2588 servat
868 2524 997 2607 utrique
1013 2546 1134 2608 genus:

283 2627 395 2690 Servat
410 2628 497 2691 enim
511 2629 672 2712 propriam
687 2635 813 2692 naturae
828 2628 1068 2710 simplicitatem

327 2731 441 2796 Hicin
456 2754 552 2796 carne
567 2734 667 2812 Deus,
683 2736 758 2798 cuni
773 2731 903 2796 Deitate
919 2753 1004 2796 caro.

282 2834 360 2899 Non
375 2837 633 2915 commiscentur,
648 2858 708 2900 nec
723 2836 810 2899 enim
825 2836 959 2900 confusa
973 2836 1103 2901 resolvit

325 2939 388 3002 Vel
403 2961 532 3002 carnem
548 2940 670 3018 Deitas,
686 2941 736 3003 vel
752 2960 825 3003 caro
840 2940 942 3002 mixta
955 2939 1074 3004 Deum.

283 3045 412 3126 Regnat
427 3043 462 3104 in
478 3049 642 3125 assumpta
656 3043 796 3107 Deitatis
812 3043 913 3125 gloria
928 3065 1035 3122 carne,

325 3147 397 3210 Nec
411 3146 613 3230 majestatem
628 3168 744 3210 carnea
758 3147 828 3210 vela
844 3154 988 3230 gravant.

284 3249 500 3332 Virgineaque
514 3249 578 3313 fide
592 3257 732 3314 veterem
747 3257 907 3334 purgante
922 3257 1050 3314 reatum

325 3354 479 3417 Numinis
495 3354 636 3419 adventu
651 3360 699 3418 est
715 3355 914 3420 sanctificata
929 3375 1012 3418 caro.

283 3457 393 3521 Credit
409 3464 441 3521 et
456 3457 600 3522 exhibuit
615 3458 771 3523 mundam
787 3458 914 3522 devotio
927 3465 1076 3538 matrem,

326 3561 582 3644 Magnificatque
597 3562 714 3640 Deum,
730 3562 936 3645 magnificata
952 3562 1031 3626 Deo.

282 3664 428 3747 Virginis
442 3664 611 3747 integritas
627 3665 713 3730 salvo
727 3665 879 3730 foecunda
892 3665 1016 3748 pudore
1140 3684 1146 3691 ·

327 3768 485 3851 Concipit,
501 3775 598 3852 atque
612 3770 715 3833 virum
729 3770 869 3853 parturit
885 3770 1006 3853 absque
1022 3768 1100 3833 viro.

283 3874 355 3937 Nec
369 3878 490 3936 reserat
504 3878 615 3956 partus
630 3873 750 3957 signati
764 3874 902 3937 claustra
916 3872 1047 3956 pudoris

328 3977 460 4060 Absque
474 3976 543 4040 viro
558 3975 697 4058 genitus,
714 3976 820 4041 editus
835 3976 956 4058 absque
970 3975 1031 4039 via.

284 4082 372 4164 Ergo
387 4081 512 4144 alterna
525 4100 646 4144 novum
659 4081 764 4144 foedus
780 4079 970 4144 commercia
984 4079 1131 4157 miscent,

328 4186 372 4249 Et
386 4190 479 4248 vetus
494 4185 529 4248 in
543 4204 655 4268 pacem
670 4184 807 4249 vertitur
821 4183 870 4246 ira
884 4203 1010 4246 novam.
