2834 4920
236 522 299 582 140
563 539 715 582 annuum
732 539 853 582 nnxov.

234 677 312 719 sem.
357 654 518 717 Caeterum
542 655 617 737 quia
641 662 691 718 tot
716 656 860 739 pericula
884 656 994 721 fallere
1017 661 1198 725 temeraria

233 757 439 822 festinatione
464 778 532 820 non
557 779 698 840 possum,
721 759 884 842 oportebit
905 768 958 824 me
980 761 1128 826 fortassis
1152 764 1196 828 ad

233 860 482 943 complanandos
496 860 663 939 transitus,
673 868 706 925 et
717 862 985 946 praeparationem
996 866 1193 946 securitatis,

234 963 408 1045 spatiosum
424 971 552 1045 tempus
571 963 768 1046 impendere.
814 966 958 1051 Ideoque
979 967 1006 1030 si
1022 967 1192 1035 lohannes

232 1067 286 1130 ille
304 1067 504 1149 praevenerit,
521 1066 643 1130 bonum
663 1067 753 1131 vobis
775 1069 836 1132 erit
859 1077 892 1132 et
914 1070 1004 1148 utile,
1020 1078 1059 1136 ut
1080 1071 1191 1156 ipsum

231 1190 334 1252 usque
356 1169 398 1232 ad
419 1176 568 1232 nostrum
591 1169 761 1234 detineatis
784 1171 969 1250 adventum,
990 1174 1066 1255 quia
1085 1197 1187 1238 avun-

231 1273 341 1336 culum
356 1273 425 1355 ejus
441 1278 473 1335 et
493 1272 599 1355 ipsum
619 1272 653 1334 in
674 1294 844 1355 personam
859 1281 999 1338 vestram
1015 1284 1049 1339 et
1064 1280 1187 1342 statum

231 1376 332 1439 totius
347 1375 498 1439 Ecclesiae
513 1375 697 1457 gravissime
713 1376 894 1458 deliquisse,
910 1378 1084 1442 manifesta
1098 1379 1185 1444 vobis
1278 1411 1280 1414 ·
1310 1420 1312 1424 ν

231 1479 365 1543 veritate
381 1477 549 1542 constabit.

360 1741 413 1802 31.
436 1739 493 1800 Ad
505 1738 670 1801 Dominum
686 1739 808 1820 Pupam
822 1739 1048 1806 Alerandrum.
1137 1837 1141 1848 1

276 1910 310 1971 Si
326 1908 366 1971 ad
377 1911 519 1970 vestrum
533 1905 635 1967 litorae
650 1925 822 1987 pervenere
837 1916 1057 1990 conspectum,
1069 1911 1181 1994 quibus

231 2034 290 2095 ego
305 2008 507 2095 majestatem
518 2014 655 2071 vestram
671 2007 781 2070 studui
795 2010 999 2090 praemunire,
1010 2033 1108 2091 super
1119 2015 1183 2078 zelo

231 2135 326 2197 quem
350 2113 391 2176 ad
414 2110 638 2175 removendam
665 2110 706 2173 dc
728 2110 873 2175 Ecclesia
899 2134 957 2176 sua
975 2114 1181 2197 religionem,

232 2217 305 2297 Sag.
322 2214 463 2278 intendit
486 2213 673 2295 Episcopus
693 2212 792 2277 miror
816 2214 999 2294 admodum,
1020 2219 1178 2304 multique

228 2318 338 2382 mirati
358 2323 443 2393 sunt,
460 2315 619 2398 quomodo
638 2315 760 2379 factum
780 2316 877 2400 hujus
896 2318 994 2396 modi,
1013 2320 1181 2405 scriptum·

230 2443 292 2505 que
315 2420 480 2504 publicum
504 2440 599 2501 super
623 2440 660 2483 eo
685 2420 771 2484 facto
794 2428 906 2486 vestrae
928 2423 1035 2506 potuit
1060 2425 1207 2511 subripi.

230 2524 403 2589 sanctitati.
461 2521 548 2588 Quid
582 2521 669 2585 enim
683 2523 707 2600 t,
747 2523 970 2607 Episcopalem
1004 2527 1180 2594 Ecclesiam

229 2628 403 2693 miserabili
416 2632 605 2711 paupertate
621 2625 816 2702 damnatam,
826 2627 993 2711 religiosus
1005 2629 1180 2715 Episcopus

228 2732 396 2810 reditibus,
418 2730 568 2808 aedificiis,
587 2729 795 2808 ornamentis,
811 2736 844 2793 et
865 2752 903 2794 ea
929 2732 970 2795 ad
993 2755 1092 2815 quam
1111 2735 1180 2817 plu·

229 2839 349 2902 rimum
362 2833 552 2898 intendebat
571 2831 725 2914 religione
744 2831 944 2912 frmdaverat,
960 2834 1129 2918 ipsamque
1143 2836 1180 2923 de

229 2959 369 3024 paupere
387 2937 526 3012 divitem,
542 2933 776 3018 praedicabilem
796 2935 836 2998 de
856 2935 1011 3001 obscura:
1035 2938 1077 3002 de
1091 2941 1179 3022 igno·

228 3043 296 3120 bili,
313 3041 340 3102 si
360 3038 489 3102 dicitas
510 3043 567 3114 est,
583 3037 703 3100 fecerat
723 3037 902 3119 gloriosam.
948 3039 1179 3105 Quodfactum

228 3152 299 3207 tota
324 3161 400 3204 sane
425 3138 567 3222 partium
590 3145 772 3202 nostrarum
794 3141 1007 3205 venerabatur
1028 3144 1178 3222 Ecclesia,

228 3245 398 3329 omnisque
427 3241 547 3324 ubique
576 3242 689 3323 religio
718 3244 975 3323 commendabat,
1003 3246 1104 3328 siquis
1131 3246 1179 3310 vel

228 3350 363 3414 effusam
378 3347 413 3409 in
431 3365 542 3409 omnes
563 3345 738 3423 caritatem,
755 3347 803 3410 vel
824 3347 945 3410 ordinis
959 3348 1056 3411 vellet
1076 3355 1178 3413 atten-

228 3453 303 3516 dere
333 3450 543 3534 disciplinam.
593 3448 666 3512 Neo
695 3447 735 3512 ab
765 3449 834 3531 ipso
864 3455 994 3513 tantum
1023 3450 1095 3530 hoo,
1125 3451 1178 3515 sed

227 3556 403 3619 multarum
430 3551 658 3616 venerabilium
681 3572 891 3634 personarum
916 3552 1041 3631 studiis,
1062 3554 1177 3617 multa-

226 3681 300 3723 rum
314 3658 419 3720 fuerat
435 3655 624 3719 auctoritate
642 3655 830 3738 perfectum,
847 3656 1001 3739 quoniam
1016 3657 1058 3720 ad
1073 3657 1178 3721 studia

226 3761 371 3825 laborum
388 3759 457 3842 ejus
472 3779 621 3840 prospera
635 3779 760 3840 semper
771 3759 873 3840 optati
888 3766 1062 3840 proventus
1074 3759 1177 3843 auspi-

226 3866 275 3929 cia
290 3860 533 3937 concurrebant,
544 3861 622 3923 adeo
637 3867 674 3923 ut
690 3860 731 3923 ad
745 3860 1012 3925 constitutionem
1028 3863 1178 3926 Ecclesiae

225 3969 311 4031 illius
327 3964 519 4031 contendere
535 3962 635 4026 virtus
651 3971 684 4027 et
698 3964 829 4028 fortuna
844 3964 1037 4028 viderentur.
1080 3965 1177 4029 Exul·

225 4072 315 4136 tabat
335 4067 520 4154 Apostolica
542 4067 641 4145 sedes,
659 4067 744 4150 quod
764 4067 868 4149 prima
889 4073 989 4130 tantae
1014 4067 1177 4150 religionis

224 4176 437 4239 fundamenta
462 4171 601 4255 jecisset,
626 4171 712 4254 quod
740 4170 974 4253 promotionem
1005 4171 1074 4253 ejus
1102 4193 1175 4237 con-
