2834 4920
225 539 267 598 38
559 554 710 596 suuunrr
729 553 849 596 nexov.

228 674 264 737 Si
278 673 325 736 vis
340 692 416 756 ergo
432 692 527 735 suum
542 671 649 735 Musae
664 691 789 735 servare
803 671 953 750 favorem,

272 775 431 840 Gratuitis
447 795 539 839 aures
554 775 695 839 mulceat
710 774 867 858 alloquiis.
983 772 988 781 '

228 881 439 963 Importunus
454 879 542 943 enim
557 884 606 943 est
621 877 765 962 quisquis
780 862 841 942 sibi
855 879 998 962 postulat
1012 899 1125 945 aurem

272 984 438 1049 Laudibus
452 985 590 1069 impleri,
605 983 858 1068 muneribusque
871 1006 1016 1049 manum.

363 1175 394 1235 6.
417 1172 473 1234 Ad
487 1173 623 1235 Sacram
639 1173 676 1234 de
691 1193 754 1234 areu
768 1193 828 1235 aon
842 1171 1050 1254 reformando.

231 1295 339 1358 Scaeva
354 1294 549 1358 senescentis
566 1293 705 1357 dominae
719 1314 860 1358 marcere
876 1294 1034 1371 decorem,

271 1397 316 1461 Et
331 1404 458 1462 teneros
474 1397 619 1480 queritur
633 1398 839 1462 consenuisse
854 1397 932 1461 dies.

228 1502 316 1584 Ergo
330 1499 515 1584 peregrinas
530 1501 673 1583 explorat
689 1499 817 1565 sedulus
833 1507 928 1579 artes,

270 1605 315 1668 nt
330 1603 452 1688 species
465 1604 570 1668 multo
586 1612 751 1687 comparat
766 1625 829 1669 aere
843 1626 951 1683 novas,

227 1706 349 1790 Nilque
364 1707 572 1791 redempturo
585 1708 701 1773 faciem
715 1708 926 1773 medicamine
940 1729 1066 1787 vexans,

272 1812 427 1896 Deplorat
442 1811 582 1877 medicas
596 1813 645 1876 nil
658 1812 801 1896 potuisse
815 1834 942 1876 manus.

227 1916 307 1981 Non
321 1916 382 1982 hac
399 1917 508 1980 Scaeva
521 1922 627 1999 potest
642 1922 794 1980 naturam
807 1915 918 1981 fallere
933 1937 1020 1996 cura,

272 2023 336 2084 Ars
351 2020 563 2084 deformatam
577 2020 669 2084 nulla
682 2020 836 2084 reformat
852 2041 961 2084 anum.

230 2125 265 2186 Si
280 2125 327 2187 vis
342 2124 377 2186 in
391 2124 497 2187 lucem
512 2110 626 2187 faciem
641 2144 789 2188 revocare
803 2125 974 2207 sepultam,

272 2229 316 2290 Et
331 2226 469 2310 speciem
484 2226 623 2290 dominae
637 2227 780 2307 reddere,
796 2229 874 2292 tolle
889 2227 975 2292 dies:

229 2329 317 2394 Tolle
334 2330 411 2408 dies,
428 2351 551 2394 annosa
564 2337 675 2395 creant
690 2330 858 2415 dispendia
871 2353 980 2414 rugas,

271 2434 531 2517 Multiplicatque
546 2440 653 2498 cutem
668 2435 882 2518 multiplicata
897 2435 974 2500 dies.

360 2624 389 2687 7.
412 2621 468 2683 Ad
471 2623 616 2704 juvenem
631 2628 661 2686 et
669 2623 807 2704 puellum
818 2621 1006 2704 affectiosius
1020 2642 1053 2685 se

554 2727 683 2790 invicem
697 2727 859 2789 intuentes.

230 2848 414 2911 Occurrunt
429 2848 548 2911 blando
565 2847 625 2911 sibi
639 2846 764 2910 lumina
778 2852 885 2910 vestra
898 2846 1015 2925 favore,

271 2951 316 3014 Et
330 2957 405 3014 voto
420 2951 563 3014 arrident
578 2950 695 3013 intima
710 2950 806 3014 corda
820 2951 907 3034 pari:

229 3054 366 3118 Alterno
380 3055 477 3118 facies
493 3055 554 3118 sibi
569 3055 649 3121 dant
663 3077 816 3139 responsa
830 3055 965 3120 rubore:

272 3158 316 3220 Et
331 3163 424 3221 tener
439 3157 591 3222 affectum
606 3159 713 3242 prodit
727 3160 880 3242 utrinque
895 3159 1008 3243 pudor.

229 3261 351 3326 Mutua
365 3260 547 3326 discurrens
562 3264 648 3327 ultro
663 3263 807 3346 citroque
821 3264 970 3328 voluntas

273 3365 442 3429 Lascivum
456 3374 582 3431 mentes
597 3368 702 3432 foedus
716 3368 799 3431 inire
814 3367 902 3432 facit.

230 3469 374 3535 Alternis
388 3470 487 3534 radiis
502 3473 668 3536 oculorum
683 3472 814 3535 flamma
827 3471 976 3554 refulget,

271 3573 510 3658 Perplexusque
525 3576 633 3640 oculos
648 3575 784 3640 foederat
799 3575 950 3640 intuitus.

228 3677 313 3760 Ipsae
328 3676 444 3741 animae
458 3679 601 3762 proprias
618 3678 708 3762 quasi
723 3685 922 3762 permutasse
936 3678 1087 3744 videntur

275 3780 382 3859 Sedes,
397 3781 496 3864 inque
510 3782 601 3846 novis
617 3782 733 3866 degere
748 3783 944 3867 corporibus.

229 3885 421 3967 Complexus
436 3886 551 3950 tacitos
567 3887 748 3952 animorum
764 3887 869 3970 gretia
882 3887 996 3966 nectit,

273 3989 504 4072 Corporeisque
519 3997 610 4073 parat
625 3989 762 4054 nexibus
778 3991 973 4074 auspicium:

228 4092 383 4156 Procedet
398 4092 474 4156 felix
490 4093 651 4176 duplicato
666 4095 781 4177 copula
794 4116 890 4174 nexu,

272 4195 538 4279 Concurrentque
554 4197 618 4260 suis
634 4192 767 4281 corpoia
782 4198 956 4282 spiritibus.
