2834 4920
225 525 270 589 46
557 541 707 584 ausurus
726 541 846 584 unxov.

226 678 506 744 superexcrescens
528 657 612 722 circa
633 663 667 722 te
689 657 804 722 divinae
825 657 1081 740 longanimitatis
1104 681 1185 744 aug.

226 768 385 843 mentum,
410 768 540 826 aeternae
564 761 625 826 tibi
652 761 867 826 damnationis
890 761 1047 845 supplicia
1069 783 1185 828 cumu-

227 868 304 946 lare,
319 866 464 931 utnulla
479 866 548 950 jam
568 865 731 930 excusatio
751 864 893 929 divinam
913 864 1060 930 minuere
1077 868 1186 934 valeat

226 969 411 1036 ultionem?
456 969 557 1034 [lotus
586 968 756 1033 execrandi
785 968 925 1052 corporis
953 969 1004 1033 tui
1032 969 1124 1035 labor
1150 979 1185 1037 et

227 1075 340 1154 otium,
355 1080 425 1138 tota
446 1073 625 1157 reprobatae
646 1072 765 1136 mentis
787 1072 916 1151 astutia,
934 1077 1042 1137 totum
1063 1073 1099 1137 in
1121 1074 1185 1140 hoc

226 1177 424 1244 detestabilis
447 1177 522 1241 vitae
544 1183 674 1260 tempus
696 1175 880 1258 impensum
903 1181 962 1254 est,
982 1182 1022 1240 ut
1042 1177 1184 1243 militare

227 1303 286 1365 pro
300 1281 444 1346 Ecclesia
457 1278 618 1357 videreris,
635 1285 668 1342 et
683 1284 797 1343 contra
810 1278 988 1343 Ecclesiam
1003 1279 1182 1346 dimicares.

227 1387 328 1450 Nunc
354 1391 462 1450 autem
485 1383 703 1447 manifestavit
726 1384 815 1447 Deus
838 1383 973 1446 consilia
995 1383 1098 1448 cordis
1122 1386 1183 1465 tui,

228 1496 261 1554 et
272 1488 480 1553 tenebrarum
494 1494 625 1552 tuarum
640 1486 828 1551 abscondita
838 1487 1006 1566 revelavit3
1028 1509 1070 1552 ne
1085 1489 1185 1554 dubia

229 1591 464 1658 existimatione
490 1591 530 1655 de
555 1598 589 1655 te
613 1590 734 1655 diutius
757 1591 927 1654 hominum
946 1590 1070 1676 judicia
1093 1593 1185 1658 falle-

229 1703 352 1762 rentur.
388 1696 483 1760 Patet
498 1700 531 1759 te
546 1695 741 1779 proditorem
755 1694 906 1758 Ecclesiae
919 1694 1028 1775 fuisse,
1043 1696 1136 1780 cujus
1150 1704 1186 1762 te

230 1801 436 1865 simulaveras
452 1820 520 1864 esse
534 1805 717 1884 patronum.
754 1798 850 1863 Patet
863 1804 898 1863 te
912 1805 1098 1864 venatorem
1111 1807 1185 1865 tan-

229 1912 302 1970 tum
325 1905 423 1969 fuisse
446 1903 598 1987 pecuniae,
624 1903 679 1986 qui
703 1908 836 1966 venator
858 1902 1055 1967 constitutus
1078 1903 1185 1968 fueras

231 2009 422 2072 animarum.
456 2007 520 2070 Sed
536 2007 688 2090 quoniam
704 2005 851 2070 animalis
866 2027 900 2069 es
914 2005 1021 2085 homo,
1032 2028 1186 2072 carnosus

230 2110 363 2195 perinde
389 2118 422 2175 et
448 2110 594 2188 carnalis,
621 2131 692 2193 quae
719 2109 781 2173 Dei
807 2115 900 2174 erant
925 2111 1088 2194 percipere
1117 2134 1186 2177 non

229 2213 374 2297 potuisti,
398 2220 431 2277 et
452 2211 623 2275 invisibilia
644 2211 743 2295 ipsius
766 2213 949 2296 conspicere
974 2216 1184 2281 contemsisti.

230 2316 284 2380 Ne
303 2337 378 2379 vero
398 2315 567 2380 adversum
587 2322 621 2379 te
641 2316 729 2379 hunc
753 2315 854 2379 animi
875 2317 1059 2382 temeritate
1078 2319 1185 2404 potius

233 2440 329 2503 quam
358 2419 483 2483 ratione
512 2418 620 2483 videar
649 2419 826 2502 suscepisse
859 2440 1051 2500 sermonem,
1081 2423 1186 2507 placet

233 2544 367 2608 operum
381 2530 513 2588 tuorum
532 2522 614 2587 mihi
634 2522 750 2586 seriem
770 2522 936 2606 explicare,
953 2523 1068 2607 quibus
1083 2527 1185 2608 possis

231 2626 418 2692 hominibus
447 2626 706 2710 contemptibilis,
731 2626 866 2709 Angelis
896 2626 1090 2708 execrabilis,
1115 2630 1187 2694 Deo

234 2730 488 2796 condemnabilis
502 2730 649 2796 inveniri.

278 2835 391 2902 Qualis
420 2835 521 2918 igitur
544 2857 564 2899 a
592 2834 696 2918 primo
725 2833 938 2898 Pontificatus
963 2835 1014 2898 tui
1038 2840 1185 2919 tempore

231 2938 349 3002 fueris:
379 2937 457 3020 quid
479 2937 516 3000 in
539 2936 697 3020 principio
720 2936 852 3001 orientis
876 2938 912 3000 in
935 2937 1080 3003 Ecclesia
1102 2946 1186 3005 tem-

230 3040 365 3125 pestatis
379 3039 493 3121 egeris,
510 3039 626 3122 quibus
646 3061 718 3104 eam
735 3046 847 3125 postea
862 3040 1012 3124 operibus
1032 3041 1186 3109 infestare

231 3165 299 3207 non
325 3163 437 3220 cessas,
461 3142 573 3206 ordine
597 3143 804 3227 transigetur.
864 3145 1113 3211 Praetoreundus
1136 3153 1186 3212 est

230 3246 333 3329 igitur
354 3251 444 3310 ortus
468 3245 616 3329 degener,
640 3254 847 3330 paternaeque
877 3248 993 3312 domus
1020 3248 1187 3315 familiaris

231 3352 349 3436 inopia,
365 3373 437 3436 quae
456 3357 491 3417 te
510 3351 611 3440 totius
631 3351 748 3416 natalis
762 3353 975 3418 Normanniae
992 3353 1111 3419 finibus
1130 3354 1185 3419 ab·

233 3462 370 3540 egerunt
380 3482 390 3534 ;
419 3461 458 3519 ut
480 3455 520 3519 ad
540 3456 661 3539 ignotae
684 3455 789 3539 gentis
808 3456 921 3520 limina
939 3457 1187 3540 peregrinasse

232 3559 400 3629 mendicus
422 3557 574 3624 adstares.
619 3560 722 3624 Taceo
743 3558 900 3643 ignobiles
928 3561 1076 3644 pueritiae
1100 3583 1186 3644 quse·

233 3668 311 3742 stus,
333 3661 581 3746 ignominiosam
607 3663 831 3728 adolescentiae
855 3665 985 3743 famam,
1005 3665 1187 3748 juventutis

234 3787 328 3830 avara
359 3765 559 3844 commercia,
589 3787 632 3831 ne
666 3787 759 3831 aures
788 3785 900 3832 eorum
935 3769 976 3832 ad
1010 3789 1090 3851 quos
1118 3769 1188 3832 haec

233 3870 352 3953 scripta
380 3874 516 3933 sentina
547 3876 634 3950 sunt,
664 3878 730 3935 tuse
768 3871 914 3936 sordibus
943 3872 1189 3937 incontinentiae

235 3974 331 4039 simul
347 3979 379 4038 et
395 3971 536 4038 avaritiae
550 3974 746 4058 polluantur.
792 3976 898 4040 Venio
913 3975 955 4041 ad
968 3975 1067 4040 virilis
1083 3975 1188 4040 aetatis

234 4084 390 4163 tempora,
406 4075 466 4142 sub
490 4075 606 4160 quibus
625 4084 659 4142 te
673 4079 709 4142 in
723 4079 919 4164 Episcopum
941 4101 1009 4145 non
1028 4079 1095 4144 vita
1114 4101 1187 4164 pro·

235 4181 360 4264 babilis,
385 4203 453 4246 uon
481 4182 664 4265 praecedens
694 4182 891 4263 deliberatio,
923 4184 979 4248 sed
1009 4205 1101 4248 casus
1132 4185 1189 4248 ad·
