2834 4920
226 504 269 565 48
556 516 706 560 aauumu
725 514 845 559 nnxov.

226 661 299 704 rum
325 635 564 720 comparatione
589 635 737 712 formare,
756 637 954 697 commutare
979 651 1087 694 rerum
1111 651 1180 694 om-

226 745 316 808 nium
338 747 451 818 status,
474 738 631 803 nobilium
660 737 853 802 labefactare
881 735 1047 813 fortunas;
1081 755 1184 818 nepo·

227 846 315 912 tibus
340 845 416 922 tuis,
440 864 519 926 quos
544 842 661 907 natalis
688 841 747 906 soli
775 841 894 904 finibus
917 839 1029 903 eadem
1052 860 1125 923 quae
1146 845 1181 903 te

228 971 325 1016 causa
347 948 523 1032 depulerat,
548 966 657 1010 rerum
681 944 808 1009 tradere
831 964 1001 1022 summam,
1025 949 1058 1006 et
1076 941 1183 1025 digni-

228 1053 351 1118 tatibus
366 1051 517 1116 Ecclesiae
538 1044 721 1126 sublimare,
738 1047 828 1131 quasi
843 1047 1015 1111 Platonem
1034 1046 1182 1125 scientia,

230 1158 387 1221 Catonem
421 1154 575 1229 moribus,
613 1153 794 1236 Scipionem
830 1173 947 1234 genere
980 1158 1181 1235 superarent.

230 1262 320 1328 Quos
340 1260 508 1323 illiteratos
527 1257 656 1340 quidem
677 1263 710 1320 et
728 1256 768 1320 ad
791 1277 842 1319 res
862 1255 989 1319 illicitas
1011 1254 1182 1339 impuden-

229 1365 295 1429 tius
321 1364 497 1438 effluentes,
524 1361 660 1424 obscuro
684 1360 755 1423 loco
784 1365 902 1423 natura
925 1359 1086 1442 produxit.
1132 1360 1183 1423 De

231 1467 357 1552 quibus,
390 1488 432 1530 ne
469 1486 552 1529 nova
585 1471 676 1528 extra
710 1464 856 1528 ordinem
889 1470 1036 1527 sumatur
1070 1464 1183 1543 oratio,

230 1572 347 1635 dixisse
368 1569 513 1647 sufficiat,
530 1568 688 1632 avunculo
714 1567 828 1650 dignos
849 1588 918 1631 esse
940 1573 1083 1650 nepotes,
1104 1588 1184 1650 quos

228 1675 290 1740 tibi
305 1696 377 1739 cum
394 1679 512 1737 natura
533 1671 831 1754 consanguinitatis
846 1677 919 1734 tum
937 1671 1094 1750 educatio,
1110 1678 1184 1736 tum

231 1779 317 1863 quod
344 1800 362 1841 a
385 1784 419 1841 te
445 1777 634 1840 sumebatur
658 1775 850 1859 exemplum,
873 1775 947 1839 vitae
972 1775 1183 1841 similitudine

231 1882 463 1960 conformavit3
485 1887 523 1945 ut
547 1887 699 1944 anatura
712 1879 917 1963 principium,
934 1880 974 1943 ab
994 1880 1184 1944 educatione

231 1987 399 2070 promotio,
419 1986 459 2049 ab
481 1985 626 2066 exemplo
646 1983 840 2062 ambitionis,
860 1984 1010 2062 avaritiae,
1025 1983 1187 2048 libidinis--

231 2111 293 2173 que
311 2090 480 2153 duceretur
504 2088 688 2151 auctoritas.
736 2087 879 2171 Reliquis
903 2095 1011 2152 autem
1032 2089 1184 2154 Ecclesia

231 2192 454 2275 dignitatibus,
476 2197 509 2254 et
527 2190 700 2269 beneficiis,
725 2193 851 2273 quaein
875 2213 978 2255 unum
1001 2213 1184 2257 coacervare

232 2317 299 2359 non
319 2302 455 2378 poteras,
472 2293 655 2376 eisdemque
678 2295 833 2373 conferre,
856 2296 912 2378 qui
929 2295 1141 2378 pecuniosior,
1156 2296 1184 2359 is

232 2397 360 2481 dignior
374 2397 563 2461 habebatur.
608 2396 687 2460 Non
707 2398 937 2462 attendebatur
951 2399 1112 2477 honestas,
1129 2398 1185 2463 sed

232 2524 347 2565 manus
362 2507 494 2565 onustas
509 2501 615 2585 potius
636 2501 851 2587 exspectabas.
898 2503 1108 2566 Basilicarum
1129 2503 1185 2567 de-

233 2606 418 2684 dicationes,
436 2604 677 2669 benedictiones
699 2605 858 2685 altarium,
879 2606 1089 2670 Sacerdotum
1110 2628 1185 2670 con-

233 2710 428 2789 stitutiones
459 2710 571 2774 eodem
602 2730 665 2793 quo
695 2716 810 2773 caetera
844 2731 933 2774 more
962 2710 1118 2789 tractasti,
1148 2718 1187 2775 ut

234 2815 329 2898 plane
354 2814 437 2877 nihil
465 2813 648 2877 faciendum
677 2819 816 2896 putares,
844 2813 929 2896 quod
955 2835 1022 2878 non
1052 2813 1187 2898 alicujus

234 2916 444 2981 emolumenti
456 2916 631 2998 auspicatio
643 2916 840 2998 praeveniret.
868 2917 1004 2981 Nullam
1014 2917 1188 2982 virtutibus

235 3019 372 3102 gratiam
391 3017 577 3101 rependisti,
593 3020 720 3082 nullum
744 3041 871 3104 quoque
892 3021 1082 3105 supplicium
1101 3021 1188 3086 vitiis

234 3121 393 3206 irrogasti,
408 3120 573 3184 neminem
589 3122 628 3185 ad
644 3123 717 3187 vitae
732 3123 951 3189 innocentiam
966 3122 1157 3189 informasti.

281 3225 316 3287 Si
332 3223 402 3307 quis
418 3224 457 3287 de
477 3212 603 3288 incestu
618 3226 760 3309 quolibet
782 3248 880 3292 sonus
901 3229 1050 3293 emersit:
1075 3229 1101 3291 si
1117 3229 1188 3313 quis

236 3328 386 3392 adversus
415 3328 655 3394 immunditiam
685 3332 803 3395 exarsit
829 3333 985 3396 castitatis
1012 3353 1129 3411 amore,
1154 3333 1190 3396 in

237 3431 402 3494 silentium
416 3438 449 3496 te
465 3431 635 3497 cohibente
650 3434 798 3498 redactus
814 3443 872 3499 est.
910 3436 1190 3520 Engolismensem

236 3534 445 3599 Abbatissam
475 3535 606 3618 quidam
634 3543 711 3601 tuus
741 3539 995 3604 Archidiaconus
1026 3540 1190 3623 gravidam

238 3659 334 3721 pravo
363 3638 439 3702 fecit
468 3659 605 3704 accessu.
659 3641 759 3706 Porro
788 3642 912 3707 facinus
941 3645 1191 3727 ingravescentis

237 3741 323 3804 uteri
347 3747 456 3804 tumor
478 3742 642 3822 excedens,
666 3751 699 3808 et
720 3747 876 3810 naturalis
900 3747 1032 3812 effectus
1056 3747 1189 3831 aperuit.

240 3843 336 3909 Quod
366 3843 444 3907 dum
474 3852 604 3928 propter
632 3847 837 3913 insolentiam
864 3851 1016 3929 criminis,
1041 3850 1191 3915 divinita-

237 3949 344 4032 tisque
367 3954 588 4032 contemptum
612 3952 732 4016 civibus
754 3953 941 4018 incredibile
960 3954 1096 4033 videtur,
1119 3976 1191 4038 par-

239 4052 390 4117 turientis
419 4051 600 4118 Abbatissae
630 4058 778 4139 gemitus,
810 4064 843 4121 et
876 4059 950 4123 novi
984 4065 1095 4142 partus
1125 4080 1192 4123 cre-

244 4155 366 4237 pundia
385 4155 481 4219 fidem
503 4157 658 4223 fecerunt.
705 4161 863 4224 Universa
885 4163 985 4243 igitur
1005 4161 1116 4224 civitas
1139 4163 1197 4224 ad-
