2834 4920
596 579 767 635 csnnrus.

355 700 385 760 4.
409 699 458 760 De
473 700 595 761 alterno
610 705 779 780 temporum
793 701 991 763 successione.

200 815 359 899 Tempora
374 817 510 881 circuitu
524 818 624 882 veteri
638 819 783 882 revoluta
796 818 945 897 vicissim,

242 919 388 984 Effectus
402 921 528 985 variant
542 922 783 1005 restituuntque
799 943 882 1001 suos,

201 1021 310 1087 Mater
324 1024 437 1108 hyems
451 1027 551 1108 patris
567 1026 716 1089 autumni
728 1027 850 1090 semina
866 1032 978 1105 servat,

243 1127 329 1190 Vere
344 1148 427 1191 novo
443 1129 550 1192 stabili
564 1130 766 1193 restituenda
780 1130 853 1208 fide,

199 1230 266 1293 Ver
280 1230 395 1294 mnndi
410 1232 526 1295 sterilis
542 1232 648 1315 gelida
661 1240 826 1317 praeeunte
842 1242 970 1299 senecta

246 1333 388 1398 Solvitur
401 1337 438 1398 in
452 1336 561 1414 foetus,
577 1337 784 1420 luxuriatque
800 1359 909 1402 novos.

199 1437 440 1522 Productosque
454 1440 564 1503 fovens
579 1440 699 1504 blando
715 1449 832 1505 natura
846 1442 963 1522 favore,

242 1542 367 1606 AEstivo
381 1544 417 1606 in
431 1543 568 1608 formam
583 1546 727 1628 provebit
743 1547 900 1630 auspicio:

197 1645 360 1709 Autumni
375 1646 506 1710 demum
521 1649 729 1731 proventibus
744 1651 853 1714 omnis
868 1651 997 1729 sedunt,

241 1749 302 1814 Cui
317 1757 403 1813 totas
417 1751 560 1835 reliquus
576 1753 721 1836 congerit
737 1775 841 1817 annus
857 1775 943 1837 opes.

197 1852 294 1918 Quod
309 1855 455 1937 concepit
470 1855 593 1939 hyems,
609 1856 733 1939 peperit
748 1879 811 1935 ver,
828 1857 943 1920 nutriit
961 1863 1064 1935 aestas,

243 1957 309 2021 Hic
323 1959 418 2022 metit
434 1965 531 2042 atque
547 1981 604 2023 suo
619 1960 747 2023 conticit
763 1961 905 2024 arbitrio.

198 2061 274 2124 Sola
288 2069 491 2126 reservantur
506 2063 714 2147 conceptibus
730 2070 805 2148 apta
819 2064 938 2127 futuris

241 2165 381 2244 Semina,
399 2166 566 2251 dispositas
581 2175 659 2232 nata
674 2189 791 2232 novare
805 2169 895 2232 vires.

197 2268 250 2333 Sic
266 2269 333 2333 abit
348 2277 385 2333 nt
401 2270 522 2350 redeat,
537 2271 621 2335 redit
636 2279 674 2335 ut
688 2279 869 2337 retranseat
884 2295 999 2351 annus,

238 2374 440 2457 Praecipitem
455 2396 607 2439 revocans
622 2377 889 2460 praecipitansque
903 2384 1018 2442 rotam.

196 2476 249 2541 Sic
263 2484 335 2541 rata
348 2485 518 2561 perpetuos
534 2480 601 2563 agit
617 2481 787 2544 alternatio
802 2502 939 2560 menses,

236 2583 281 2645 nt
295 2589 418 2646 veteres
433 2591 565 2647 renovat
580 2583 801 2667 inveteratque
817 2607 925 2648 novos.

196 2685 295 2748 Hunc
311 2685 419 2748 divina
433 2685 583 2768 frequens
598 2686 682 2748 ludit
697 2687 855 2769 sapientia
869 2687 992 2765 ludum,

238 2789 281 2851 Et
297 2788 449 2852 varianda
464 2810 595 2852 movens
610 2789 768 2853 invariata
782 2796 901 2854 manet.

444 2954 477 3014 5.
500 2952 556 3014 Aa
568 2953 699 3016 Poetorn
713 2952 894 3016 mendicum.

193 3081 315 3145 Versus
330 3081 494 3146 mendicos
507 3089 543 3146 et
558 3082 664 3146 Musae
678 3081 828 3165 pauperis
843 3103 968 3159 ausum,

236 3178 504 3269 Compositasque'
516 3186 569 3249 odi
585 3185 756 3250 Caeciliane
770 3206 890 3269 preces.

192 3289 384 3371 Importuna
399 3310 510 3372 graves
525 3289 649 3353 exactio
664 3289 798 3353 suscitat
812 3289 885 3367 iras,

235 3392 278 3456 Et
294 3393 432 3476 geminae
448 3393 595 3456 stimulos
609 3392 825 3475 improbitatis
840 3392 947 3456 habet.

192 3497 258 3563 Qui
273 3497 364 3580 petit,
379 3497 441 3560 hoc
456 3496 525 3579 ipso
541 3497 651 3560 statim
666 3495 778 3579 incipit
795 3517 863 3560 esse
877 3496 1048 3560 molestus:

238 3601 273 3663 Si
287 3606 377 3683 petat
393 3599 545 3683 adjuncta
561 3599 703 3682 qualibet
719 3607 797 3675 arte,
813 3599 926 3681 magis.

190 3704 281 3768 Artis
296 3703 383 3766 enim
399 3702 514 3766 studiis
528 3703 667 3766 formata
681 3703 822 3785 precatio
838 3703 1000 3786 quandam
1118 3720 1120 3726 ’

235 3807 408 3871 Contrahit
423 3828 462 3870 ex
476 3806 598 3870 fraudis
614 3807 793 3890 suspicione
808 3815 930 3872 notam.

189 3912 233 3974 Et
248 3910 407 3994 permixta
422 3910 502 3973 dolis
518 3911 641 3974 exactio
655 3909 743 3973 laedit
759 3917 906 3993 utroque,

233 4015 329 4077 Fallit
345 4020 377 4077 et
393 4013 540 4097 emungit
554 4013 707 4076 insidiosa
721 4034 828 4096 rapax.

191 4118 315 4180 lnvisos
329 4117 429 4200 igitur
445 4116 608 4200 geminata
622 4117 769 4181 molestia
784 4138 893 4180 versus

235 4221 364 4298 Reddit,
381 4221 491 4303 nilque
507 4223 557 4284 sui
572 4228 677 4286 metra
691 4222 805 4284 favoris
821 4220 952 4282 habant.
