2834 4920
252 466 292 541 '2
335 480 340 512 ·‘
370 480 375 520 -'
404 487 407 493 ’
604 502 755 546 annuam
773 504 892 546 naxov.

274 611 465 694 disponente
476 615 652 678 movendus
669 622 726 694 est,
738 616 893 680 sermonis
908 636 1037 699 prorsus
1053 621 1101 680 est
1116 616 1225 680 obser·

274 715 379 778 vanda
402 717 566 795 serenitas,
586 719 738 801 quoniam
761 719 904 783 tenebrae
920 719 992 801 plus
1016 740 1142 802 semper
1159 719 1226 783 odii

274 821 471 885 contrahunt
493 844 594 904 ,quam
615 823 740 900 favoris,
768 824 945 906 saepiusque
967 845 1023 905 pes
1044 824 1225 888 incedentis

276 923 460 1003 offenditur,
491 926 554 989 nisi
583 928 699 1009 praevio
729 926 887 1008 dirigatur
916 934 1057 1010 aspectu.
1103 927 1146 989 In
1175 927 1226 990 his

275 1045 350 1090 vcro
380 1050 451 1110 quae
481 1030 675 1107 scribuntur,
702 1030 853 1093 videntur
883 1031 974 1112 quasi
1003 1050 1078 1092 cum
1108 1029 1226 1093 fiducia

277 1130 414 1212 quadarn
426 1132 605 1214 legentium
615 1134 777 1215 provocari
788 1132 919 1217 judicia,
932 1153 993 1195 nec
1007 1139 1076 1196 tam
1084 1133 1226 1196 forman-

277 1229 326 1294 dis
356 1233 524 1297 affectibus
551 1235 649 1298 verba
678 1235 836 1316 componi,
868 1256 964 1317 quam
998 1234 1227 1298 examinationi

276 1332 422 1415 publicae,
439 1356 510 1417 quae
524 1336 630 1417 palam
645 1343 869 1419 proponuntur
887 1335 1012 1417 exponi.
1059 1335 1227 1420 Siquidem

275 1435 313 1498 in
334 1435 385 1498 his
408 1457 479 1519 quae
499 1445 725 1519 proponuntur
747 1437 846 1501 oculis
875 1438 1026 1519 frequens
1048 1438 1228 1502 celebratur

274 1536 443 1620 inspectio,
467 1545 500 1601 et
521 1538 617 1602 modo
638 1539 761 1601 fructus
792 1538 969 1614 sententiae,
996 1538 1092 1601 modo
1122 1538 1228 1601 cultus

278 1640 431 1703 orationis
453 1640 639 1723 exquiritur,
663 1646 701 1703 ut
724 1640 860 1722 spatiose
880 1639 1004 1722 possint
1025 1640 1141 1703 merita
1160 1647 1227 1704 stu·

280 1741 407 1806 diorum
436 1744 580 1808 adhibita
608 1743 741 1807 rationis
766 1743 977 1807 ae'stimatione
1002 1743 1140 1827 pensari.
1185 1745 1228 1808 In

280 1846 351 1910 aliis
372 1867 446 1911 vero
469 1847 673 1912 discussionis
696 1869 820 1912 moram
843 1847 987 1910 celeritas
1009 1847 1228 1928 pronunciati-

280 1949 350 2013 onis
380 1949 529 2027 excludit,
560 1949 617 2013 ubi
646 1949 804 2012 currentis
833 1948 954 2031 linguae
988 1949 1148 2014 lubricum
1177 1951 1230 2014 vix

280 2052 376 2115 celeri
399 2053 496 2115 etiam
522 2053 748 2134 consequimur
772 2052 949 2130 intellectu,
977 2057 1010 2116 et
1036 2074 1119 2135 saepe
1143 2053 1229 2136 quod

279 2152 446 2216 incitatius
476 2153 603 2232 dicitur,
634 2153 758 2216 desides
786 2153 1008 2217 vehementius
1039 2154 1168 2233 excitat,
1196 2161 1229 2218 et

279 2254 432 2317 informat
455 2255 598 2318 affectus.
646 2255 747 2337 Super
769 2277 831 2338 quo
850 2276 919 2318 non
938 2255 1130 2319 videbantur
1149 2256 1230 2319 mihi

280 2357 315 2420 in
345 2357 534 2440 scripturam
556 2358 732 2441 redigenda
754 2381 825 2442 quae
847 2358 934 2423 dicta
956 2365 1043 2438 sunt,
1066 2359 1123 2422 sed
1145 2359 1228 2423 sicut
1288 2419 1290 2422 ,

280 2471 436 2545 tanquam
452 2484 491 2526 ex
505 2470 648 2545 tempore
664 2463 750 2526 dicta
765 2469 852 2542 sunt,
867 2462 914 2526 ita
929 2462 1039 2525 statim
1057 2483 1132 2526 cum
1146 2468 1228 2527 tem-

281 2586 357 2648 pore
379 2566 589 2648 praeterirent,
614 2565 765 2648 quoniam
787 2565 832 2629 eis
855 2587 929 2628 cum
952 2564 1135 2628 dicerentur
1157 2587 1229 2648 gra-

281 2668 361 2733 tiam
393 2669 499 2752 potius
536 2669 730 2733 ministravit
760 2669 892 2746 occasio,
924 2690 1021 2752 quarn
1057 2667 1230 2752 cujuslibet

268 2765 396 2854 'peritia
410 2771 581 2835 facultatis.
616 2772 771 2856 Tempore
787 2770 944 2854 siquidem
960 2769 1140 2834 schismatis
1156 2792 1229 2852 age-

280 2873 377 2936 batur
403 2873 488 2955 quod
512 2873 548 2935 in
570 2873 682 2936 diebus
703 2873 782 2951 istis,
803 2872 941 2936 maxime
964 2872 1114 2936 adversus
1133 2874 1229 2938 liber·

280 2981 382 3038 tatem
419 2975 569 3039 Ecclesiae
606 2976 677 3054 Dei,
709 2977 867 3040 saecularis
904 2976 1057 3058 potentiae
1091 2977 1229 3041 firmavit

282 3075 468 3139 audaciam:
506 3075 642 3159 ideoque
671 3100 730 3142 nos
760 3078 944 3161 diligentius
975 3079 1014 3141 de
1044 3079 1170 3143 unitate
1196 3087 1229 3144 et

282 3180 432 3244 libertate
451 3180 669 3258 tractavimus,
688 3188 725 3246 ut
744 3181 867 3245 animos
892 3203 1002 3245 eorum
1021 3182 1077 3264 qui
1095 3182 1229 3247 aderant

283 3283 324 3346 ad
346 3283 560 3347 insistendum
584 3285 759 3349 consolatio
779 3285 934 3349 firmiores
953 3284 1111 3363 redderet,
1133 3291 1166 3350 et
1189 3286 1230 3350 ad

280 3385 496 3449 resistendum
520 3386 698 3451 exhortatio
720 3388 876 3451 fortiores.
922 3387 1009 3469 Lege
1031 3387 1150 3470 itaque,
1174 3387 1229 3451 ad-

282 3488 386 3551 hibita
407 3496 518 3552 tamen
539 3489 716 3554 dilectionis
736 3490 940 3573 indulgentia
962 3511 1026 3572 qua
1043 3489 1176 3571 coepisti,
1191 3498 1230 3553 ut

284 3591 404 3654 scilicet
418 3591 642 3674 imperfectum
662 3614 772 3656 mcum
786 3593 915 3656 videant
935 3592 1019 3656 oculi
1033 3592 1093 3671 tui,
1109 3614 1169 3656 nec
1190 3594 1231 3656 ad

283 3697 432 3756 exactum
450 3693 536 3775 quod
554 3693 669 3776 legeris
687 3694 882 3778 producatur
904 3715 1048 3773 examen,
1070 3695 1126 3759 scd
1148 3716 1230 3760 scm·

284 3816 341 3877 per
356 3794 463 3857 media
476 3794 648 3877 benignius
664 3797 815 3878 aequitate
830 3818 1012 3880 cognoscas.

702 3901 819 3962 Sermo.

330 3997 533 4063 Hodiernum
549 4020 738 4080 sermonem,
755 4001 878 4065 domini
892 4008 925 4065 et
939 4007 1046 4084 patres
1060 4001 1134 4079 mei,
1150 4001 1232 4065 mihi

286 4103 408 4170 domini
427 4102 530 4170 nostri
548 4101 603 4186 qui
620 4102 778 4186 praesidet,
795 4102 934 4168 Romani
955 4102 1102 4167 videlicet
1120 4101 1231 4167 Ponti-
