2834 4920
262 454 285 513 1
597 439 747 514 insuam
766 467 886 511 nsxov.

267 588 363 663 dicas,
380 593 412 650 et
433 585 512 649 scire
532 584 692 668 quomodo
715 584 811 647 dicas.
859 582 1103 648 Sententiarum
1122 584 1221 668 siqui·

266 691 340 755 dem
362 688 550 753 excellentia
569 687 724 750 sermonis
744 687 940 769 elegantiam
958 688 1083 770 quaerit,
1098 695 1136 752 ut
1151 710 1222 752 ver·

265 790 379 854 borum
404 789 544 870 dignitas
566 808 675 850 rerum
697 787 859 870 majestati
880 789 1083 871 respondeat,
1102 795 1138 852 et
1161 789 1223 853 sibi

265 893 401 956 invicem
417 890 508 974 quasi
523 897 683 953 concentu
700 889 838 971 quodam
854 911 904 953 res
927 897 960 954 et
976 876 1073 955 verba
1087 912 1222 956 concur-

266 1003 352 1060 rant.
397 994 514 1057 111111
530 999 568 1054 ut
584 1013 687 1056 sermo
703 991 918 1074 praedicatoris
933 993 1022 1056 omni
1037 995 1223 1077 acceptione

268 1099 385 1181 dignus
401 1097 452 1173 sit,
468 1095 643 1177 requiritur
662 1093 698 1155 in
718 1094 925 1175 praedicatore
945 1095 1059 1178 religio
1079 1097 1120 1159 ad
1135 1118 1223 1161 reve-

267 1201 406 1265 rentiam
427 1197 595 1274 sermonis,
618 1196 752 1259 scientia
772 1196 813 1259 ad
833 1196 1023 1276 doctrinam,
1040 1198 1225 1281 eloquentia

269 1310 307 1367 ut
323 1301 527 1367 commendet
543 1299 583 1362 ad
599 1299 746 1381 gratiam.
774 1299 823 1362 Ut
838 1299 958 1363 scilicet
974 1321 1078 1364 sermo
1094 1309 1225 1366 sanctus

271 1407 323 1484 sit,
338 1405 480 1488 prudens
496 1402 546 1479 sit,
562 1400 697 1464 illustris
713 1401 765 1464 sit.
802 1402 873 1484 Ego
888 1423 961 1465 vero
978 1403 1034 1486 qui
1047 1403 1137 1467 vobis
1152 1425 1226 1487 pro-

271 1509 370 1571 ducor
384 1507 420 1569 in
433 1505 588 1582 medium,
604 1503 687 1566 nihil
707 1503 811 1567 habco
830 1525 929 1586 penes
947 1526 1009 1583 me,
1025 1505 1089 1569 nisi
1102 1507 1225 1569 consci-

271 1610 393 1674 entiam
408 1609 631 1692 peccatricem,
644 1608 802 1672 minorem
818 1609 995 1689 scientiam,
1007 1611 1226 1693 eloquentiam

270 1712 501 1795 imperfectam.
542 1712 585 1774 Et
599 1711 674 1774 ideo
690 1711 899 1794 opportunius
914 1713 995 1775 mihi
1008 1713 1114 1777 fuerat
1132 1713 1226 1777 silere

272 1838 369 1900 quam
384 1815 481 1899 loqui,
497 1814 584 1898 pasci
599 1836 697 1898 quam
711 1836 850 1897 pascere,
862 1821 895 1879 et
910 1837 1003 1879 aures
1014 1815 1103 1879 vobis
1117 1816 1225 1899 potius

272 1920 421 1984 exhibere
442 1941 537 2003 quam
559 1917 716 2000 linguam.
760 1918 863 1981 Nulla
881 1919 962 1981 mihi
981 1919 1017 1981 in
1036 1921 1226 2003 memetipso

274 2022 392 2086 fiducia
407 2030 466 2099 est,
482 2021 538 2086 sed
553 2020 594 2083 ad
609 2021 814 2086 sanctitatem
827 2021 1051 2104 praecipientis,
1063 2029 1097 2086 et
1111 2023 1228 2086 merita

272 2132 379 2188 vestra
404 2130 580 2187 convertor.
642 2122 768 2188 Quibus
793 2123 1079 2203 intercedentibus,
1106 2125 1227 2209 aliquid

273 2226 355 2290 mihi
365 2225 508 2289 fortassis
518 2226 674 2307 largietur
687 2226 790 2308 gratia
800 2226 886 2290 illius
899 2228 955 2310 qui
966 2227 1063 2290 dixit:
1081 2228 1179 2310 Aperi
1191 2250 1227 2292 os

274 2335 379 2407 tuum,
395 2335 428 2393 et
443 2350 503 2412 ego
518 2329 698 2411 adimplebo
713 2330 803 2393 illud.
850 2331 895 2394 Os
910 2353 1020 2395 meum
1035 2331 1227 2394 obedientiae

274 2434 447 2498 necessitas
463 2435 575 2516 aperit,
587 2433 714 2496 utinam
726 2434 831 2516 gratia
845 2435 913 2518 ejus
928 2456 986 2517 per
996 2435 1112 2498 merita
1122 2441 1229 2499 vestra

274 2558 421 2601 sermone
437 2535 608 2619 adimpleat
624 2542 815 2618 opportuno.
862 2538 904 2600 In
927 2538 1016 2601 omni
1037 2537 1147 2621 itaque
1162 2558 1226 2601 ser-

274 2661 381 2720 mone,
397 2639 520 2704 domini
542 2646 574 2703 et
597 2645 704 2723 patres
723 2639 788 2702 mei
806 2639 969 2718 carissimi,
989 2640 1115 2703 videtur
1134 2640 1225 2722 mihi,

275 2745 351 2828 quia
365 2744 448 2808 circa
468 2743 501 2806 id
522 2742 607 2827 quod
629 2742 847 2826 principaliter
868 2743 1049 2807 intenditur
1069 2742 1133 2806 duo
1149 2749 1226 2809 sunt

275 2847 448 2911 studiosius
466 2845 673 2922 observanda,
690 2866 786 2908 causa
806 2845 926 2909 scilicet
946 2853 979 2909 et
999 2852 1137 2928 tempus.
1154 2867 1157 2873 ·
1182 2847 1226 2911 Et

275 2969 405 3012 causam
431 2947 560 3029 quidem
585 2946 668 3009 ratio
697 2943 931 3026 subministrat,
957 2954 1085 3031 tempus
1116 2954 1227 3013 autem

275 3055 493 3135 opportunum
504 3049 610 3112 reddit
626 3050 758 3115 occasio.
783 3051 915 3116 Occasio
928 3058 1036 3116 autem
1052 3059 1101 3116 est
1113 3074 1226 3136 oppor-

275 3153 399 3217 tunitas
422 3158 551 3236 sumpta
576 3174 615 3216 ex
640 3158 795 3236 tempore,
819 3153 901 3218 sicut
926 3155 994 3219 viro
1019 3156 1139 3238 placuit
1162 3157 1226 3219 elo·

276 3257 398 3340 quenti.
444 3257 498 3320 Ita
519 3263 578 3320 est.
623 3257 698 3322 Nisi
723 3258 757 3322 id
779 3259 866 3342 quod
892 3259 1010 3321 dicitur
1035 3280 1163 3323 causam
1187 3259 1227 3324 de

275 3359 400 3424 ratione
415 3360 587 3424 contrahat⁴
600 3360 790 3440 evidentem,
805 3361 912 3445 ipsum
927 3361 1057 3426 ducitur
1076 3362 1226 3427 otiosum.

278 3461 313 3525 Si
349 3461 532 3545 importune
569 3462 692 3527 dictum
725 3463 832 3542 fuerit,
862 3469 1032 3546 reputatur
1060 3464 1225 3528 infestum.

277 3565 359 3629 Quae
379 3571 488 3628 autem
508 3565 609 3628 otiosa
628 3567 679 3630 vel
697 3566 815 3630 infesta
835 3575 921 3646 sunt,
940 3588 1012 3630 raro
1033 3566 1227 3630 desideratos

230 3743 234 3751 Ι
276 3673 492 3750 assequuntur
507 3675 650 3732 eventus.
695 3669 825 3733 11111111
841 3691 916 3733 cum
926 3671 1031 3734 multa
1046 3669 1085 3732 dc
1101 3670 1227 3752 scriptis

277 3770 395 3834 sanctis
413 3775 544 3854 possent
564 3771 689 3835 utiliter
711 3793 747 3835 ac
768 3772 977 3855 probabiliter
998 3773 1033 3835 in
1056 3793 1228 3837 commune

276 3873 420 3956 proferri,
437 3873 478 3937 ad
500 3894 538 3936 ea
558 3862 761 3956 potissimum
785 3896 889 3938 sermo
911 3875 1145 3939 convertendus
1167 3883 1227 3953 est,

278 3977 405 4061 adquae
419 3998 478 4040 nos
499 3982 531 4039 et
551 3997 671 4058 urgens
690 3977 863 4041 necessitas
883 3977 1029 4060 impellit,
1045 3986 1078 4042 et
1098 3978 1228 4041 evidens

276 4080 392 4145 invitat
406 4079 539 4144 utilitas.
579 4078 631 4142 Ad
647 4078 747 4162 quid?
785 4079 839 4143 Ad
854 4082 1048 4144 tentandum
1063 4079 1228 4144 vobiscum
1352 4066 1355 4073 ’
